3300 5225
994 428 1147 479 mn.
1188 427 1366 479 xxr.
1410 425 1575 477 car.
1616 409 1730 478 57.
2276 406 2448 475 1⁷51

252 594 479 663 neque
518 594 665 661 prae
694 572 889 642 imbri
930 573 1099 642 satis
1128 570 1485 639 decernere
1503 574 1529 611 ⁷
1576 575 1878 657 possent,
1920 588 2057 655 qua
2087 570 2228 636 suis
2257 590 2452 655 opem

254 680 529 759 ferrent,
575 676 995 744 Placentiam
1028 680 1206 741 recto
1232 675 1463 740 itinere
1495 692 1865 759 perrexere.
1951 672 2188 739 Plures
2214 673 2456 739 deinde

252 782 325 848 in
372 801 611 847 omnes
646 788 873 867 partes
906 780 1297 865 eruptiones
1338 777 1573 845 sactae:
1621 783 1717 856 et,
1761 776 1882 861 qui
1909 776 2159 842 flumen
2185 778 2455 863 petiere,

255 891 379 951 aut
406 884 786 969 gurgitibus
816 883 1110 949 absumti
1138 885 1317 959 sunt,
1360 886 1479 947 aut
1518 881 1690 946 inter
1719 878 2214 947 cunctationem
2243 881 2460 963 ingre-

254 986 537 1053 diendis
586 986 673 1052 ab
710 985 1019 1052 hostibus
1044 982 1380 1071 oppressi.
1467 981 1604 1062 Qui
1647 982 1904 1068 passim
1933 1002 2054 1067 per
2080 1000 2272 1065 agros
2300 983 2460 1068 fuga

260 1090 494 1175 sparsi
521 1095 735 1169 erant,
765 1088 1055 1173 vestigia
1085 1088 1389 1155 cedentis
1419 1092 1784 1171 sequentes
1815 1083 2150 1170 agminiS,⁸
2179 1083 2461 1152 Placen·

261 1194 431 1259 tiam
482 1192 899 1260 contendere.
986 1190 1168 1257 Aliis
1214 1192 1413 1257 timor
1460 1189 1748 1256 hostium
1771 1200 1795 1227 ⁸
1852 1188 2202 1254 audaciam
2247 1189 2459 1271 ingre-

263 1293 497 1361 diendi
526 1294 777 1361 flumen
816 1295 999 1375 fecit,
1043 1294 1585 1379 transgressique
1628 1292 1702 1357 in
1745 1297 1970 1358 castra
1999 1298 2460 1375 pervenerunt.

266 1394 501 1463 Imber
527 1397 687 1463 nive
715 1398 994 1476 mixtus,
1040 1402 1108 1462 et
1150 1394 1565 1463 intoleranda
1592 1394 1698 1462 vis
1726 1394 2016 1479 frigoris,
2067 1398 2138 1460 et
2160 1393 2464 1461 homines

266 1499 544 1577 multos,
586 1505 653 1565 et
680 1499 1009 1586 jumenta,
1038 1506 1109 1565 et
1135 1499 1527 1583 elephantos
1557 1516 1766 1585 prope
1807 1516 2060 1574 omneS,
2091 1497 2468 1564 absumsit-⁹

272 1602 464 1668 Finis
501 1603 903 1689 insequendi
951 1604 1163 1669 bostis
1213 1602 1452 1670 Poenis
1495 1604 1734 1668 flumen
1777 1599 2024 1667 Trebia
2067 1599 2232 1667 fuit:
2277 1607 2348 1667 et
2375 1599 2468 1665 ita

268 1710 611 1790 torpentes
653 1706 811 1790 gelu
856 1706 929 1771 in
976 1714 1205 1773 castra
1230 1706 1504 1784 rediere,
1553 1711 1629 1772 ut
1668 1706 1789 1772 vix
1817 1702 2123 1769 laetitiam
2170 1703 2466 1769 victoriae

271 1808 615 1874 sentirent.
704 1808 947 1894 Itaque
996 1814 1198 1875 nocte
1242 1810 1647 1895 insequenti,
1695 1828 1847 1873 cum
1891 1806 2290 1893 praesidium
2319 1825 2466 1872 cas-

268 1913 603 1989 trorum,¹0
644 1916 713 1977 et
758 1913 936 1998 quod
973 1913 1309 1998 reliquum
1353 1932 1443 1978 ex
1482 1931 1720 1996 magna
1757 1917 1946 1997 parte
1973 1908 2262 1975 militum
2309 1914 2467 1986 erat,

271 2013 539 2081 ratibus
564 2014 875 2081 Trebiam
903 2016 1310 2102 trajicerent,
1349 2023 1469 2081 aut
1495 2014 1660 2081 nihil
1689 2032 1988 2093 sensere,
2039 2013 2472 2097 obstrepente

274 2117 550 2203 μανίας
595 2125 737 2197 aut,
784 2120 947 2205 quia
984 2120 1131 2205 jam
1176 2120 1423 2185 moveri
1474 2139 1611 2204 pree
1658 2117 2054 2185 lassitudine
2097 2117 2474 2202 nequibant

274 2240 359 2287 ac
392 2219 799 2295 vulneribus,
851 2224 1090 2288 sentire
1138 2242 1291 2289 sese
1318 2221 1860 2289 dissimularunt:
1903 2220 2282 2305 quietisque
2312 2217 2474 2285 Poe-

269 2326 403 2403 nis,
433 2324 647 2391 tacito
668 2326 933 2409 agmine
954 2327 1041 2392 ab
1064 2326 1381 2410 Scipione
1402 2325 1678 2392 consule
1701 2324 2038 2390 exercitus
2067 2322 2474 2388 Placentiam

272 2434 383 2491 est
408 2427 813 2513 perductus:
844 2429 1001 2496 inde
1030 2429 1223 2497 Pado
1251 2429 1572 2515 trajectus
1603 2422 2046 2507 Cremonam,¹¹
2074 2444 2160 2491 ne
2192 2425 2476 2491 duorum

208 2574 219 2585 .
272 2529 703 2601 exercituum
730 2531 1043 2618 hybernis
1072 2551 1205 2597 una
1232 2532 1497 2598 colonia
1523 2535 1952 2617 premeretur.

360 2635 479 2700 5⁷.
522 2633 819 2700 Romam
868 2638 1091 2701 tantus
1139 2638 1337 2702 terror
1382 2653 1473 2700 ex
1518 2633 1649 2700 hac
1689 2633 1885 2699 clade
1910 2632 2216 2718 perlatus
2241 2637 2370 2712 est,
2407 2637 2482 2698 ut

266 2737 417 2824 jam
449 2725 819 2803 ad'Urbem
843 2736 1189 2805 crederent
1211 2745 1261 2778 ¹¹
1292 2735 1549 2803 infestis
1569 2737 1777 2820 signis
1802 2736 2063 2801 hostem
2087 2738 2480 2816 venturum3

274 2860 401 2908 nec
431 2843 802 2928 quicquam
828 2841 974 2927 spei
1001 2845 1118 2906 aut
1142 2837 1379 2906 auxilii
1400 2857 1569 2921 esse,
1601 2857 1739 2924 quo
1765 2837 1976 2923 portis
2005 2836 2479 2921 moenibusque

340 3035 370 3070 ¹
402 3027 545 3078 Dum
563 3029 851 3078 cunctarum·
866 3025 1268 3092 ὑιενεάἰβιιηιιπ.
1424 3031 1451 3060 ⁸
1480 3025 1648 3076 Metuo
1668 3021 1728 3074 ab
1748 3019 1961 3072 hostibus
1980 3020 2162 3070 illam.

1199 3184 1559 3209 offleeeeoee

280 3294 457 3406 Ἐἴ
442 3303 520 3406 ἔξ
534 3286 1143 3404 .”«ι“5’.’ῗέἒέ;,ῖῐῗ«ἔεὲ-ἶ“ἔ·
1168 3277 2488 3411 li?÷5.3;„‘}:f-ffi?3?333.33‘ae.235¹22

278 3424 449 3471 dentes
482 3419 722 3484 sequentis
752 3419 1079 3482 conith—9
1111 3415 1197 3468 ΑΙ.
1232 3415 1636 3466 commin—10
1669 3417 1686 3444 ⁴
1711 3413 1958 3465 Editores
1996 3419 2130 3464 antt.
2168 3411 2489 3460 Romnum

280 3487 552 3536 inseruere
574 3493 699 3534 ante
718 3489 1001 3546 comm,
1020 3489 1078 3534 et
1100 3496 1218 3533 mox
1240 3481 1385 3532 Poem‘
1407 3488 1526 3546 post
1545 3495 1758 3532 sensere.-
1783 3494 1901 3545 qun
1922 3492 2093 3535 voces,
2109 3476 2174 3527 ab
2197 3477 2488 3540 interprete

281 3551 534 3617 adjecto,
553 3549 619 3600 ab
642 3550 879 3600 omnibus
899 3547 1011 3599 fere
1035 3548 1161 3598 Mes.
1184 3545 1390 3604 absunt,
1411 3551 1469 3596 et
1490 3545 1601 3597 nine
1623 3545 1813 3596 damno
1831 3551 1924 3596 aut
1948 3541 2287 3610 ambignitate
2305 3554 2489 3592 sensus

282 3612 639 3667 omittuntur!
671 3615 757 3666 lta
777 3629 845 3664 ex
866 3614 1098 3666 Gronov.
1120 3617 1269 3665 notat
1294 3611 1513 3676 Rupert.

349 3687 412 3732 ll
434 3683 470 3738 ‚⁴
502 3681 575 3732 Ut
592 3679 704 3742 jam
723 3681 787 3732 ad
804 3679 968 3732 urbem
988 3679 1193 3758 Remum
1212 3678 1471 3730 crederem.
1538 3673 1795 3730 Quaedam
1815 3678 1946 3727 vett.
1963 3672 2083 3726 edd.
2106 3671 2330 3724 mmai.
2364 3669 2489 3722 Put.

1282 3807 1505 3861 NoTAE

365 3911 395 3948 ¹·
434 3910 745 3977 cremonam]
800 3883 1232 3976 Antiquissimum
1270 3913 1353 3958 ent
1432 3905 1732 3957 duxerant:
1771 3915 1958 3955 nomen
1995 3899 2252 3967 hodieque
2296 3897 2492 3949 retinet

287 3988 566 4056 oppidum,
599 4002 632 4040 a
664 3987 972 4038 Cenomani·
994 3985 1157 4036 Gallis
1188 3983 1354 4050 primo
1432 3982 1487 4033 in
1526 3983 1722 4033 ducatu
1759 3976 2152 4034 Mediolanensi,
2187 3974 2278 4025 ubi
2315 3975 2354 4024 il
2377 3974 2494 4024 cre·

288 4069 343 4119 in
380 4066 592 4118 Italiam
628 4063 891 4114 Celtarum
923 4069 1251 4128 transgressu
1280 4062 1356 4110 in·
1434 4072 1617 4109 mnae
1647 4056 1716 4108 ad
1749 4057 1932 4106 levam
1968 4052 2104 4105 Padi
2142 4051 2326 4116 ripam,
2353 4049 2495 4100 inter

293 4150 409 4194 star
427 4142 531 4193 vici
555 4139 821 4192 conditum
837 4147 979 4190 tram
996 4137 1197 4191 Padum
1218 4151 1232 4187 τ
1256 4149 1358 4203 quo
1438 4149 1617 4200 agrum
1663 4133 1995 4199 Papieusem‚
2039 4129 2397 4193 Mmtunnum,
2440 4131 2498 4176 et

290 4219 515 4271 Romani
537 4219 641 4269 hoc
676 4218 789 4284 ipso
815 4230 969 4282 anno,
1000 4223 1060 4268 ut
1093 4227 1249 4280 snpra
1269 4211 1361 4265 ob·
1428 4211 1770 4266 Brixianam.

293 4304 585 4362 servotum,
614 4295 870 4348 coloniam
900 4307 994 4346 sex
1034 4291 1248 4345 millium
1270 4289 1363 4344 de·
