3300 5225
1038 480 1184 530 ma.
1232 478 1433 531 xxn.
1479 480 1647 529 cap,
1689 461 1799 529 53.
2337 462 2512 531 1865

308 646 477 693 num
536 624 991 711 conquisitum
1049 625 1551 711 sepultumque,
1610 624 1888 711 quidam
1959 626 2271 689 auctores
2334 628 2509 689 suut.

313 730 483 809 Eos,
541 731 659 814 qui
712 728 1085 796 Canusium
1138 728 1577 816 perfugerant,
1631 728 1870 794 mulier
1925 724 2178 812 Apula,
2238 726 2508 791 nomine

312 831 561 912 Busa‚⁶
589 852 825 916 genere
856 835 1043 899 clara
1073 853 1151 900 ac
1182 832 1465 908 divitiis,
1512 832 1854 897 moenibus
1901 836 2156 895 tautum
2189 832 2513 913 tectisque

314 956 363 1001 a
394 934 752 1001 Canusinis
782 940 1121 1021 acceptos,
1148 935 1491 1013 frumento,
1519 942 1736 1015 veste,
1763 934 2018 1000 viatico
2060 932 2262 998 etiam
2295 931 2513 1016 juvit:

312 1058 441 1123 pro
483 1060 623 1125 qua
662 1040 725 1104 ei
764 1038 1221 1105 munificentia
1259 1045 1520 1123 postea,
1563 1038 1756 1105 bello·
1793 1036 2111 1122 perfecto,
2142 1037 2230 1103 ab
2269 1042 2514 1102 senatu

312 1142 609 1208 honores
635 1142 849 1208 habiti
877 1148 1053 1207 sunt.

404 1246 511 1312 53.
557 1241 898 1325 Geter'um,
950 1265 1107 1311 cum
1156 1244 1251 1312 ibi
1307 1245 1550 1313 tribuni
1600 1246 1886 1312 militum
1930 1250 2216 1332 quatuor
2260 1251 2515 1323 essent,

316 1348 577 1415 Fabius
610 1348 963 1415 Maximus
992 1348 1077 1415 de
1105 1350 1369 1433 legione
1398 1352 1638 1437 prima,
1678 1351 1876 1435 cujus
1920 1358 2112 1435 pater
2149 1350 2371 1434 priore
2399 1368 2513 1413 an-

314 1472 406 1517 no
432 1451 717 1518 dictator
746 1454 985 1533 fuerat,
1015 1460 1085 1519 et
1132 1452 1217 1519 de
1256 1452 1518 1538 legione
1560 1454 1855 1519 secunda
1897 1453 1979 1518 L.
2013 1452 2366 1518 Publicius
2395 1452 2514 1517 Bi-

316 1554 523 1620 bulus
552 1563 625 1620 et
654 1556 738 1623 Ρ.
763 1556 1115 1623 Cornelius
1147 1556 1404 1642 Scipio,
1430 1566 1503 1623 et
1531 1556 1615 1623 de
1642 1557 1900 1641 legione
1935 1556 2123 1621 tertia
2152 1554 2290 1639 Ap.
2315 1553 2519 1621 Clan-

316 1657 472 1724 dius
505 1656 814 1739 Pulcher,
839 1660 958 1744 qui
988 1659 1293 1745 proxime
1324 1659 1545 1727 aedilis
1574 1660 1828 1744 fuerat3
1862 1660 2152 1725 omnium
2181 1676 2518 1725 consensu

318 1761 405 1827 ad
438 1762 521 1827 P.
552 1763 962 1847 Scipionem,
993 1763 1355 1830 admodum
1393 1764 2000 1845 adolescentem,*et
2029 1763 2114 1829 ad
2145 1761 2283 1849 Ap.
2315 1762 2520 1828 Clau-

317 1865 504 1930 dium
550 1886 813 1931 summa
860 1868 1119 1952 imperii
1173 1868 1397 1935 delata
1448 1876 1573 1937 est.
1662 1868 1936 1949 Quibus
1981 1865 2520 1935 consultantibus

317 1969 491 2035 iuter
536 1989 796 2054 paucos
841 1969 926 2035 de
978 1989 1242 2036 summa
1290 1990 1508 2036 rerum
1556 1971 1821 2037 nuntiat
1865 1970 1948 2035 P.
1978 1970 2225 2037 Furius
2268 1968 2520 2045 Philus,

319 2072 695 2139 consularis
746 2072 873 2138 viri
910 2070 1110 2150 filius,
1156 2079 1180 2110 ‘
1208 2072 1689 2160 Nequicquam
1737 2093 1856 2140 eos
1905 2056 2232 2158 perditam
2250 2078 2278 2121 ⁷
2329 2090 2521 2156 spem

316 2176 591 2241 fovere:
638 2174 1061 2261 desperatam
1114 2175 1727 2261 comploratamque
1781 2196 1918 2241 rem
1965 2195 2114 2241 esse
2157 2174 2520 2260 publicam.

320 2276 613 2344 Nobiles
647 2279 933 2363 juvenes
964 2278 1317 2364 quosdam,
1348 2298 1629 2363 quorum
1661 2277 2031 2365 principem
2061 2277 2144 2344 L.
2165 2275 2522 2342 Caecilium

320 2379 708 2462 Metellum,
738 2402 919 2450 mare
962 2403 1045 2449 ac
1084 2402 1295 2449 naves
1342 2387 1668 2469 spectare,
1718 2388 1815 2461 ut,
1860 2381 2120 2447 deserta
2161 2379 2386 2458 Italia,
2434 2379 2524 2445 ad

318 2485 593 2567 regem⁸
626 2488 921 2571 aliquem
955 2483 1441 2569 transfugiant!
1530 2483 1738 2564 Quod
1769 2485 2044 2563 malum,
2079 2488 2523 2568 praeterquam

322 2594 541 2669 atrox,
572 2610 771 2676 super
798 2596 907 2656 tot
934 2590 1163 2656 clades
1191 2590 1393 2656 etiam
1424 2601 1726 2670 novum,'⁸
1774 2608 1928 2657 cum
1969 2594 2244 2674 stupore
2273 2605 2356 2654 ac
2402 2586 2523 2650 mi·

386 2765 415 2791 ¹¹
450 2758 729 2823 cujusmodi
758 2762 935 2810 mlum
968 2775 1061 2810 non
1091 2761 1225 2811 nodo
1252 2761 1438 2812 crudele
1456 2765 1597 2826 atque
1616 2759 1906 2811 Menam
1937 2760 2048 2823 post
2071 2760 2258 2808 tntum
2277 2753 2522 2805 calamita-

322 2828 447 2880 tum,
464 2827 549 2876 aed
566 2826 714 2876 etium
734 2832 877 2878 autea
899 2825 1183 2878 inauditum.
1569 2829 1577 2844 “·

1239 2987 1613 3012 W

321 3109 425 3154 -θ
471 3101 490 3132 ‘
510 3103 630 3155 Hoc
669 3119 735 3155 ex
774 3105 935 3169 Lipaii
975 3107 1276 3172 conjectura
1316 3107 1582 3159 verissima
1615 3113 1714 3159 eat.
1779 3105 1911 3158 Mes.
1940 3103 2138 3171 pariter
2157 3115 2220 3154 ac
2242 3099 2379 3152 Edd.
2401 3105 2523 3151 aute

325 3169 485 3220 Grut.
520 3172 693 3220 mulier
718 3172 889 3234 Paula,
910 3173 1095 3222 nomine
1119 3171 1291 3223 Bm!
1324 3175 1523 3224 Stroth.

384 3239 419 3285 7
454 3236 594 3286 Olim
632 3237 955 3301 Neqm‘cquam
986 3253 1065 3287 eos
1096 3240 1380 3296 consultare,
1412 3239 1767 3304 perditum—s
1799 3237 1816 3266 ‘
1838 3236 2018 3299 Regem
2052 3235 2150 3288 Ed.
2173 3231 2343 3285 Drak.
2362 3237 2420 3282 et
2443 3231 2525 3282 Cl-

323 3301 535 3353 Emest.
558 3315 852 3364 operarum,
874 3311 932 3353 ut
956 3303 1175 3364 videtur,
1194 3319 1388 3355 errore.
1454 3306 1582 3355 Mox
1600 3308 1919 3368 preterquam
1939 3305 2062 3366 quod
2079 3308 2226 3352 atrox
2247 3297 2380 3350 Edd.
2403 3304 2527 3347 aute

324 3367 493 3417 Grou.
554 3367 657 3416 Sed
682 3381 783 3417 uon
806 3382 935 3431 opu·
958 3383 1069 3419 esse
1088 3370 1178 3418 τοῦ
1198 3372 1320 3433 qaod
1355 3378 1470 3432 post
1487 3375 1824 3434 preterquam,
1843 3367 2097 3432 exemplis
2117 3364 2318 3416 idoneis
2341 3364 2527 3428 proba-

321 3435 401 3484 vit
427 3430 759 3484 Gronovius?
790 3433 977 3486 Sirone.
1044 3434 1295 3486 ‘Rectius
1332 3443 1478 3499 puto,
1515 3433 1568 3484 in
1600 3434 1728 3484 edit.
1759 3432 2029 3483 Drakenb.
2061 3439 2118 3483 et
2145 3432 2354 3482 Eruest.
2384 3429 2527 3479 exhi·

321 3498 483 3548 betur
506 3512 685 3560 regem,
706 3513 825 3549 eum
851 3500 1011 3549 lectio
1028 3513 1196 3563 regui
1228 3501 1403 3564 potius
1428 3499 1754 3550 librariorum
1778 3499 1861 3548 vel
1883 3512 2156 3562 operarum
2176 3497 2337 3548 errori
2359 3495 2528 3544 tribu-

324 3563 462 3614 enda
485 3564 729 3615 videatur
746 3577 764 3626 ς
786 3579 906 3615 uam
928 3565 974 3616 nl
995 3579 1161 3628 regum
1179 3566 1478 3632 scripsisset
1492 3565 1690 3630 Livius,
1703 3563 1840 3615 haud
1859 3563 2014 3616 dubie
2034 3563 2350 3628 adjutivum
2367 3558 2530 3627 quod·

1316 3728 1533 3783 1401*AE

327 3843 371 3895 si
404 3841 693 3908 perierunt,
725 3858 843 3895 eum
878 3843 1227 3896 Rornanorum
1257 3843 1393 3896 ultra
1470 3844 1686 3896 ducenti
1717 3843 1770 3894 iu
1791 3843 2138 3894 Romanorum
2170 3841 2405 3892 exercitu
2432 3854 2529 3891 uu-

326 3919 707 3985 quinquagiuta
736 3920 898 3970 millia
927 3921 1183 3972 cecidisse
1218 3919 1391 3970 feran-
1470 3927 1817 3973 metarentur.
1902 3920 2157 3985 Polybius
2201 3925 2454 3970 memorat
2495 3933 2526 3968 e

328 4003 417 4046 tur
440 4012 457 4045 ε
494 4003 549 4045 et
584 4003 757 4047 tamen
798 3998 853 4047 iu
886 3999 1125 4049 exercitu
1162 3999 1391 4049 Romano
1470 3999 1633 4064 copiis
1656 3997 1967 4048 Hannibalis
1987 3997 2144 4048 millia
2169 4002 2385 4062 quatuor
2401 3994 2528 4045 Gal·

326 4072 495 4137 major
518 4072 677 4137 duplo
717 4082 830 4125 erat
862 4076 1095 4140 peditum
1130 4091 1391 4142 uumerus,
1469 4077 1656 4139 lorum,
1697 4074 1784 4141 qui
1827 4075 1892 4126 ad
1939 4075 2208 4126 victoriam
2252 4070 2528 4139 plurimum

326 4149 600 4216 octogiuta
620 4164 807 4215 nempe
840 4151 1017 4216 millia,
1050 4166 1145 4217 pro
1166 4153 1391 4219 quadra·
1470 4153 1836 4212 contulerant3
1873 4149 2115 4201 Afrorum
2152 4164 2278 4201 vero
2315 4154 2370 4198 et
2405 4148 2530 4199 His-

328 4227 753 4292 ginuteqnitatu
768 4229 1047 4293 superabat
1060 4229 1253 4280 Poenus
1266 4243 1391 4293 pau·
1474 4243 1724 4293 pauor-um
1760 4227 1902 4280 mille
1938 4225 2103 4280 ferme
2143 4235 2199 4280 et
2221 4227 2531 4294 quingentos

327 4302 379 4352 lo
400 4303 519 4368 plus
545 4311 729 4367 quarta
754 4312 1051 4369 parte,cnm
1074 4305 1257 4357 decem
1280 4307 1392 4356 mil·
1471 4305 1812 4360 desideratos.

332 4381 400 4432 lin
440 4380 493 4430 iu
531 4381 857 4445 Hannibalis,
896 4388 1097 4447 septem
1132 4382 1293 4434 millia
1330 4396 1391 4434 ac

458 4460 639 4530 υιιριι.
670 4469 721 4516 ee
752 4463 867 4516 var.
889 4450 1021 4517 ὸιω.
1313 4466 1503 4517 Levana.
2282 4467 2316 4514 o
2349 4462 2400 4514 o
