3300 5225
783 447 959 514 2058
1752 463 1823 512 τ.
1868 433 2075 513 mvn'

787 609 1188 676 delectorum
1215 612 1235 644 ¹
1265 607 1554 674 militum
1579 608 1864 674 navibus
1893 607 2117 691 longis
2148 607 2351 674 mittit
2377 607 2464 675 ad
2499 608 2743 674 ostium
2768 609 2993 676 flumi-

781 714 890 778 nis
939 731 1092 778 cum
1141 712 1462 796 praefecto
1501 711 1787 788 socium,
1819 709 1908 790 Q.
1938 710 2187 776 Naevio
2218 710 2496 790 Crista,²
2526 714 2670 776 viro
2701 713 2993 797 impigro

783 821 856 880 et
884 816 1106 899 perito
1135 813 1423 878 militiae.
1516 812 1616 892 Is,
1649 813 1991 897 expositis
2036 815 2101 877 in
2146 819 2389 879 terram
2419 815 2766 890 militibus,
2804 816 2995 882 navi-

780 918 1040 1000 busque
1074 914 1351 980 Oricum
1399 922 1600 994 retro,
1649 916 1827 980 unde
1865 923 2166 993 venerat,
2219 916 2307 981 ad
2351 925 2645 982 ceteram
2694 918 2990 984 classem

779 1021 1108 1099 remissis,
1139 1019 1386 1084 milites
1433 1018 1676 1101 procul
1718 1038 1763 1084 a
1800 1017 2073 1083 flumine
2107 1039 2228 1102 per
2256 1021 2439 1084 viam
2470 1021 2739 1084 minime
2766 1021 2855 1084 ab
2886 1041 2995 1086 re·

781 1123 909 1205 giis
936 1123 1289 1186 obsessam
1323 1119 1544 1198 duxit,
1575 1131 1644 1184 et
1670 1127 1897 1197 nocte,
1920 1122 2017 1185 ita
2048 1126 2123 1184 ut
2152 1141 2343 1186 nemo
2370 1121 2663 1186 hostium
2692 1124 2993 1202 sentiret,

781 1226 1013 1288 urbem
1046 1229 1191 1288 est³
1223 1223 1588 1304 ingressus.
1678 1221 1809 1300 Die
1840 1223 2215 1306 insequenti
2248 1224 2585 1306 quievere,
2627 1223 2785 1288 dum
2816 1245 2989 1309 prae-

777 1326 996 1391 fectus
1027 1325 1454 1409 juventutem
1501 1321 2058 1406 Apolloniatium,
2109 1345 2423 1410 armaque
2470 1335 2540 1392 et
2580 1327 2759 1390 urbis
2809 1329 2989 1393 vires

776 1429 1173 1512 inspiceret.
1263 1425 1408 1492 Ubi
1451 1445 1532 1490 ea
1579 1428 1727 1490 visa
1780 1427 2221 1510 inspectaque
2266 1431 2435 1493 satis
2476 1429 2839 1494 animorum
2884 1429 2991 1496 fe-

775 1551 946 1610 cere,
967 1530 1304 1614 simulque
1328 1531 1414 1596 ab
1441 1530 1977 1614 exploratoribus
2006 1531 2362 1615 comperit,
2385 1539 2637 1616 quanta
2668 1534 2988 1600 socordia

776 1653 858 1699 ac
907 1634 1316 1716 negligentia
1368 1633 1551 1717 apud
1595 1632 1828 1697 hostes
1876 1639 2090 1714 esset;
2135 1632 2409 1698 silentio
2438 1635 2654 1698 noctis
2686 1635 2776 1698 ab
2814 1636 2987 1702 urbe

775 1739 920 1800 sine
969 1734 1107 1800 ullo
1157 1735 1448 1800 tumultu
1495 1753 1827 1817 egressus,
1874 1740 2099 1798 castra
2148 1735 2435 1800 hostium
2476 1735 2645 1800 adeo
2676 1736 2987 1818 neglecta

777 1843 978 1920 atque
1010 1844 1248 1920 aperta
1275 1837 1567 1915 intravit,
1597 1844 1674 1901 ut
1699 1839 1872 1902 satis
1907 1843 2259 1916 constaret,
2288 1839 2477 1922 prius
2496 1844 2527 1886 4
2554 1838 2738 1903 mille
2767 1839 2983 1904 homi-

772 1959 930 2004 num
959 1939 1208 2005 vallum
1239 1940 1552 2015 intrasse,
1581 1959 1787 2024 quam
1836 1941 2188 2024 quisquam
2232 1941 2525 2020 sentiret,
2553 1960 2660 2019 ac,
2694 1941 2753 2006 si
2784 1943 2981 2008 caede

773 2043 1271 2121 abstinuissent,
1318 2045 1659 2127 pervenire
1700 2044 1785 2108 ad
1824 2044 2326 2111 tabernaculum
2358 2045 2612 2127 regium
2643 2047 2979 2127 potuisse.

775 2144 1024 2211 Caedes
1077 2147 1533 2229 proximorum
1583 2155 1803 2230 portae
1847 2147 2177 2213 excitavit
2204 2148 2453 2213 hostes·
2540 2146 2711 2212 Inde
2745 2153 2978 2213 tantus

773 2257 984 2316 terror
1040 2267 1388 2335 pavorque
1442 2269 1681 2314 omnes
1736 2251 2123 2332 occupavit,
2184 2257 2260 2315 ut
2318 2269 2452 2314 non
2504 2249 2705 2314 modo
2754 2249 2980 2316 aliuss

769 2353 1127 2436 quisquam
1180 2372 1368 2417 arma
1425 2361 1720 2438 caperet,
1769 2359 1889 2417 aut
1940 2355 2179 2418 castris
2233 2353 2478 2436 pellere
2540 2351 2801 2417 hostem
2858 2374 2977 2419 co-

769 2463 1098 2538 naretur3
1159 2455 1280 2521 sed
1330 2455 1532 2520 etiam
1583 2455 1737 2539 ipse
1780 2475 1923 2533 rex,
1976 2456 2152 2520 sicut
2199 2474 2438 2519 somno
2492 2456 2755 2519 excitus
2807 2463 2976 2534 erat,

769 2577 982 2645 prope
1037 2559 1427 2625 seminudus
1473 2557 1759 2642 fugienS,
1808 2559 1999 2625 militi
2042 2578 2329 2645 quoque,
2374 2555 2613 2624 nedum
2662 2559 2821 2641 regi,
2854 2561 2975 2625 vix

768 2661 1013 2728 decoro
1059 2663 1314 2741 habitu,
1358 2662 1445 2728 ad
1489 2662 1737 2728 fiumen
1782 2682 2121 2747 navesque
2150 2662 2529 2746 perfugerit.
2618 2662 2875 2727 Eodem
2906 2670 2976 2730 et

769 2764 905 2830 alia
935 2768 1130 2831 turba
1158 2766 1372 2831 effusa
1399 2773 1526 2833 est.
1615 2766 1840 2831 Paulo
1892 2766 2108 2830 minus
2159 2767 2290 2830 tria
2334 2763 2549 2829 millia
2586 2765 2872 2831 militum
2901 2768 2973 2832 in

769 2870 1016 2934 castris
1048 2878 1163 2935 aut
1191 2875 1419 2954 capta,
1452 2877 1572 2934 aut
1599 2870 1851 2934 occisa.
1940 2869 2109 2934 Plus
2155 2874 2379 2933 tamen
2426 2868 2761 2932 hominum
2786 2868 2815 2907 ⁶
2846 2870 2971 2934 ali·

767 2973 1019 3052 quanto
1053 2978 1352 3052 captum,
1385 2988 1582 3053 quam
1615 2987 1867 3033 caesum
1900 2973 2029 3034 est.
2120 2967 2375 3032 Castris
2418 2966 2720 3049 direptis,
2752 2966 2969 3051 Apol-

763 3068 1031 3135 loniatae
1065 3071 1465 3155 catapultaS,
1493 3069 1832 3149 ballistas,
1857 3074 2315 3152 tormentaque
2340 3068 2495 3145 alia,
2518 3088 2675 3153 quae
2708 3088 2971 3153 oppug-

763 3174 1005 3239 nandae
1035 3175 1184 3239 urbi
1217 3183 1617 3257 comparata
1660 3180 1871 3250 erant,
1904 3173 1990 3238 ad
2022 3172 2272 3237 tuenda
2300 3174 2579 3250 moenia,
2611 3173 2669 3237 si
2696 3173 2968 3255 quando

763 3276 1004 3341 similis
1043 3276 1308 3341 fortuna
1337 3276 1656 3351 venisset,
1687 3274 2125 3360 Apolloniam
2154 3273 2514 3339 devexere:
2559 3282 2784 3339 cetera
2822 3294 2969 3339 om-

761 3378 870 3441 nis
921 3379 1154 3462 praeda
1206 3387 1580 3444 castrorum
1631 3378 1959 3443 Romanis
2008 3396 2334 3441 concessa
2375 3384 2507 3441 est.
2598 3376 2775 3441 Haec
2806 3398 2965 3443 cum

765 3478 1038 3545 Oricum
1067 3490 1300 3545 essent
1327 3482 1656 3559 nuntiata,
1690 3479 1792 3544 M.
1824 3479 2137 3545 Valerius
2176 3477 2463 3543 classem
2496 3480 2838 3561 extemplo
2872 3480 2965 3544 ad

761 3584 1010 3647 ostium
1057 3584 1352 3649 fluminis
1391 3583 1610 3660 duxit,
1662 3604 1747 3647 ne
1794 3584 2085 3647 navibus
2144 3600 2497 3664 capessere
2556 3581 2784 3664 fugam
2837 3602 2963 3647 rex

758 3694 1022 3769 posset.
1112 3686 1356 3773 Itaque
1407 3686 1795 3772 Philippus,
1838 3706 2061 3772 neque
2112 3685 2424 3763 terrestri,
2472 3704 2692 3769 neque
2732 3686 2963 3751 navali

761 3790 1121 3856 certamine
1157 3791 1330 3857 satis
1378 3790 1520 3855 fore
1563 3810 1789 3875 parem
1818 3807 1894 3854 se
1924 3787 2165 3868 fidenS,
2196 3786 2553 3853 subductis
2584 3793 2704 3851 aut
2732 3788 2963 3853 incen-

1669 3987 2045 4012 ‘W

756 4105 883 4156 Mox
901 4103 1078 4168 scripti
1090 4106 1328 4169 Legatieo
1337 4104 1624 4169 Apollonia!
1645 4107 1698 4159 J.
1713 4107 2113 4159 F.Gronov0-·-l
2134 4105 2270 4157 Olim
2289 4102 2575 4170 legebatur,
2582 4104 2823 4167 pollicitus
2834 4103 2964 4153 mille

754 4172 1150 4221 delectorum—2
1185 4172 1263 4221 ΑΙ.
1308 4174 1594 4236 στέψω-3
1635 4174 1721 4222 Est
1762 4174 1865 4221 del.
1906 4174 2061 4223 Grnt.
2098 4172 2327 4221 Gronov.
2372 4172 2583 4231 Doujat.
2647 4172 2664 4196 ‘
2688 4170 2877 4218 Potest
2898 4168 2960 4215 τὸ

752 4236 997 4297 ingressus
1029 4237 1216 4297 accipi,
1247 4246 1305 4285 ut
1338 4238 1406 4286 sit
1437 4239 1679 4298 ingressus
1713 4247 1807 4287 est.-
1840 4240 2010 4286 malim
2050 4245 2223 4286 tamen
2248 4236 2425 4285 delere
2446 4234 2505 4284 τὸ
2526 4242 2594 4293 et,
2616 4248 2721 4298 quo
2744 4232 2958 4294 babeas,

753 4302 916 4359 duxit,
953 4307 1089 4349 nocte
1123 4302 1210 4355 ito.
1249 4307 1300 4349 ut
1338 4317 1471 4351 nemo
1507 4302 1709 4350 lisseium
1737 4304 1957 4363 sentiret,
1990 4303 2149 4352 arbem
2180 4300 2461 4363 ingressus)
2488 4300 2541 4351 J.
2566 4300 2624 4348 F.
2656 4300 2958 4348 Gronov?-

751 4370 782 4414 ⁴
823 4366 941 4415 Plus
963 4366 1159 4415 addunt
1184 4366 1316 4418 Edd.
1341 4378 1462 4418 aute
1483 4367 1813 4419 Granum-5
1849 4369 1952 4418 Pro
1974 4370 2095 4417 aliun
2117 4368 2251 4432 conj.
2276 4366 2497 4431 Rupert.
2528 4365 2658 4413 &aad
2682 4364 2764 4414 vel
2784 4364 2955 4413 vix.—
