<?xml version="1.0" encoding="UTF-8"?>
<!DOCTYPE html PUBLIC "-//W3C//DTD XHTML 1.0 Transitional//EN"
    "http://www.w3.org/TR/xhtml1/DTD/xhtml1-transitional.dtd">
<html xmlns="http://www.w3.org/1999/xhtml" xml:lang="en" lang="en">
 <head>
  <title>
</title>
<meta http-equiv="Content-Type" content="text/html;charset=utf-8" />
  <meta name='ocr-system' content='tesseract 3.04.00' />
  <meta name='ocr-capabilities' content='ocr_page ocr_carea ocr_par ocr_line ocrx_word'/>
</head>
<body>
  <div class='ocr_page' id='page_1' title='image "./tliviipatavinih19unkngoog_0067.png"; bbox 0 0 3300 5225; ppageno 0'>
   <div class='ocr_carea' id='block_1_1' title="bbox 788 449 964 515">
    <p class='ocr_par' dir='ltr' id='par_1_1' title="bbox 788 449 964 515">
     <span class='ocr_line' id='line_1_1' title="bbox 788 449 964 515; baseline 0.006 -1"><span class='ocrx_word' id='word_1_1' title='bbox 788 449 964 515; x_wconf 78' lang='lat'>1640</span> 
     </span>
    </p>
   </div>
   <div class='ocr_carea' id='block_1_2' title="bbox 799 1291 1096 1409">
    <p class='ocr_par' dir='ltr' id='par_1_2' title="bbox 799 1291 1096 1409">
     <span class='ocr_line' id='line_1_2' title="bbox 831 1291 1096 1357; baseline -0.008 -16"><span class='ocrx_word' id='word_1_2' title='bbox 831 1291 1007 1357; x_wconf 75' lang='lat' dir='ltr'><strong>Polyb.</strong></span> <span class='ocrx_word' id='word_1_3' title='bbox 1036 1306 1096 1340; x_wconf 88' lang='lat'><strong>11.</strong></span> 
     </span>
     <span class='ocr_line' id='line_1_3' title="bbox 799 1362 886 1409; baseline 0.023 -2"><span class='ocrx_word' id='word_1_4' title='bbox 799 1362 886 1409; x_wconf 77' lang='lat' dir='ltr'><strong>sl.</strong></span> 
     </span>
    </p>
   </div>
   <div class='ocr_carea' id='block_1_3' title="bbox 797 1571 972 1733">
    <p class='ocr_par' dir='ltr' id='par_1_3' title="bbox 797 1571 972 1733">
     <span class='ocr_line' id='line_1_4' title="bbox 797 1571 964 1619; baseline -0.006 0"><span class='ocrx_word' id='word_1_5' title='bbox 797 1571 964 1619; x_wconf 80' lang='lat' dir='ltr'><strong>Zonsr.</strong></span> 
     </span>
     <span class='ocr_line' id='line_1_5' title="bbox 799 1668 972 1733; baseline 0 -15"><span class='ocrx_word' id='word_1_6' title='bbox 799 1668 972 1733; x_wconf 82' lang='lat' dir='ltr'><strong>Polyb.</strong></span> 
     </span>
    </p>
   </div>
   <div class='ocr_carea' id='block_1_4' title="bbox 803 1765 1084 1880">
    <p class='ocr_par' dir='ltr' id='par_1_4' title="bbox 803 1765 1084 1880">
     <span class='ocr_line' id='line_1_6' title="bbox 833 1765 1084 1814; baseline 0.004 -1"><span class='ocrx_word' id='word_1_7' title='bbox 833 1765 975 1814; x_wconf 81' lang='lat' dir='ltr'><strong>Oros.</strong></span> <span class='ocrx_word' id='word_1_8' title='bbox 1010 1778 1084 1814; x_wconf 78' lang='lat' dir='ltr'><strong>xv·</strong></span> 
     </span>
     <span class='ocr_line' id='line_1_7' title="bbox 803 1835 884 1880; baseline 0 0"><span class='ocrx_word' id='word_1_9' title='bbox 803 1835 884 1880; x_wconf 72' lang='lat'><strong>18.</strong></span> 
     </span>
    </p>
   </div>
   <div class='ocr_carea' id='block_1_5' title="bbox 806 2357 1098 2424">
    <p class='ocr_par' dir='ltr' id='par_1_5' title="bbox 806 2357 1098 2424">
     <span class='ocr_line' id='line_1_8' title="bbox 806 2357 1098 2424; baseline 0.003 -16"><span class='ocrx_word' id='word_1_10' title='bbox 806 2357 1098 2424; x_wconf 74' lang='lat' dir='ltr'><strong>FuuCapit.</strong></span> 
     </span>
    </p>
   </div>
   <div class='ocr_carea' id='block_1_6' title="bbox 808 2841 1148 3040">
    <p class='ocr_par' dir='ltr' id='par_1_6' title="bbox 808 2841 1148 3040">
     <span class='ocr_line' id='line_1_9' title="bbox 837 2841 1106 2908; baseline 0 -15"><span class='ocrx_word' id='word_1_11' title='bbox 837 2844 942 2894; x_wconf 80' lang='lat' dir='ltr'><strong>Liv-</strong></span> <span class='ocrx_word' id='word_1_12' title='bbox 972 2841 1106 2908; x_wconf 80' lang='lat' dir='ltr'><strong>Epit.</strong></span> 
     </span>
     <span class='ocr_line' id='line_1_10' title="bbox 808 2925 902 2957; baseline 0 0"><span class='ocrx_word' id='word_1_13' title='bbox 808 2925 902 2957; x_wconf 87' lang='lat' dir='ltr'><strong>xx.</strong></span> 
     </span>
     <span class='ocr_line' id='line_1_11' title="bbox 837 2973 1148 3040; baseline -0.01 -16"><span class='ocrx_word' id='word_1_14' title='bbox 837 2973 1013 3040; x_wconf 69' lang='lat' dir='ltr'><strong>Polyb.</strong></span> <span class='ocrx_word' id='word_1_15' title='bbox 1031 2988 1096 3023; x_wconf 87' lang='lat'><strong>11.</strong></span> <span class='ocrx_word' id='word_1_16' title='bbox 1134 3022 1148 3035; x_wconf 67' lang='lat'><em>‚</em></span> 
     </span>
    </p>
   </div>
   <div class='ocr_carea' id='block_1_7' title="bbox 803 3043 980 3153">
    <p class='ocr_par' dir='ltr' id='par_1_7' title="bbox 803 3043 980 3153">
     <span class='ocr_line' id='line_1_12' title="bbox 803 3043 888 3089; baseline 0 0"><span class='ocrx_word' id='word_1_17' title='bbox 803 3043 888 3089; x_wconf 73' lang='grc'><strong>82.</strong></span> 
     </span>
     <span class='ocr_line' id='line_1_13' title="bbox 806 3105 980 3153; baseline -0.011 0"><span class='ocrx_word' id='word_1_18' title='bbox 806 3105 980 3153; x_wconf 82' lang='lat' dir='ltr'><strong>Zonsr.</strong></span> 
     </span>
    </p>
   </div>
   <div class='ocr_carea' id='block_1_8' title="bbox 808 3169 980 3235">
    <p class='ocr_par' dir='ltr' id='par_1_8' title="bbox 808 3169 980 3235">
     <span class='ocr_line' id='line_1_14' title="bbox 808 3169 980 3235; baseline -0.017 -14"><span class='ocrx_word' id='word_1_19' title='bbox 808 3169 980 3235; x_wconf 70' lang='lat' dir='ltr'><strong>Polyb.</strong></span> 
     </span>
    </p>
   </div>
   <div class='ocr_carea' id='block_1_9' title="bbox 805 3516 974 3569">
    <p class='ocr_par' dir='ltr' id='par_1_9' title="bbox 805 3516 974 3569">
     <span class='ocr_line' id='line_1_15' title="bbox 805 3516 974 3569; baseline -0.006 0"><span class='ocrx_word' id='word_1_20' title='bbox 805 3516 974 3569; x_wconf 76' lang='lat' dir='ltr'><strong>Zonar.</strong></span> 
     </span>
    </p>
   </div>
   <div class='ocr_carea' id='block_1_10' title="bbox 1736 455 2048 513">
    <p class='ocr_par' dir='ltr' id='par_1_10' title="bbox 1736 455 2048 513">
     <span class='ocr_line' id='line_1_16' title="bbox 1736 455 2048 513; baseline -0.01 -1"><span class='ocrx_word' id='word_1_21' title='bbox 1736 459 1809 513; x_wconf 76' lang='lat' dir='ltr'><strong>r.</strong></span> <span class='ocrx_word' id='word_1_22' title='bbox 1856 455 2048 513; x_wconf 81' lang='lat' dir='ltr'>L1v11</span> 
     </span>
    </p>
   </div>
   <div class='ocr_carea' id='block_1_11' title="bbox 1115 599 3025 3589">
    <p class='ocr_par' dir='ltr' id='par_1_11' title="bbox 1115 599 3014 767">
     <span class='ocr_line' id='line_1_17' title="bbox 1115 599 3014 687; baseline -0.001 -19"><span class='ocrx_word' id='word_1_23' title='bbox 1115 605 1192 668; x_wconf 81' lang='lat' dir='ltr'><strong>C.</strong></span> <span class='ocrx_word' id='word_1_24' title='bbox 1229 605 1556 668; x_wconf 83' lang='lat' dir='ltr'><strong>Claudio¹¹</strong></span> <span class='ocrx_word' id='word_1_25' title='bbox 1603 604 1732 687; x_wconf 91' lang='lat' dir='ltr'><strong>Ap.</strong></span> <span class='ocrx_word' id='word_1_26' title='bbox 1770 605 1842 668; x_wconf 88' lang='lat' dir='ltr'><strong>F.</strong></span> <span class='ocrx_word' id='word_1_27' title='bbox 1876 605 1953 667; x_wconf 82' lang='lat' dir='ltr'><strong>C.</strong></span> <span class='ocrx_word' id='word_1_28' title='bbox 1988 604 2078 666; x_wconf 90' lang='lat' dir='ltr'><strong>N.</strong></span> <span class='ocrx_word' id='word_1_29' title='bbox 2117 603 2450 676; x_wconf 82' lang='lat' dir='ltr'><strong>Centhone,</strong></span> <span class='ocrx_word' id='word_1_30' title='bbox 2492 604 2583 665; x_wconf 88' lang='lat' dir='ltr'><strong>M.</strong></span> <span class='ocrx_word' id='word_1_31' title='bbox 2610 601 2792 666; x_wconf 84' lang='lat' dir='ltr'><strong>Junio</strong></span> <span class='ocrx_word' id='word_1_32' title='bbox 2820 599 2904 665; x_wconf 91' lang='lat' dir='ltr'><strong>D.</strong></span> <span class='ocrx_word' id='word_1_33' title='bbox 2936 603 3014 666; x_wconf 86' lang='lat' dir='ltr'><strong>F.</strong></span> 
     </span>
     <span class='ocr_line' id='line_1_18' title="bbox 1116 703 1531 767; baseline -0.002 -3"><span class='ocrx_word' id='word_1_34' title='bbox 1116 704 1200 765; x_wconf 89' lang='lat' dir='ltr'><strong>D.</strong></span> <span class='ocrx_word' id='word_1_35' title='bbox 1230 703 1320 767; x_wconf 90' lang='lat' dir='ltr'><strong>N.</strong></span> <span class='ocrx_word' id='word_1_36' title='bbox 1347 703 1531 764; x_wconf 86' lang='lat' dir='ltr'><strong>Pera.</strong></span> 
     </span>
    </p>

    <p class='ocr_par' dir='ltr' id='par_1_12' title="bbox 1115 795 3022 2792">
     <span class='ocr_line' id='line_1_19' title="bbox 1194 795 3017 880; baseline -0.002 -18"><span class='ocrx_word' id='word_1_37' title='bbox 1194 807 1296 862; x_wconf 81' lang='lat'><strong>46.</strong></span> <span class='ocrx_word' id='word_1_38' title='bbox 1345 799 1666 880; x_wconf 86' lang='lat' dir='ltr'><strong>Depositus</strong></span> <span class='ocrx_word' id='word_1_39' title='bbox 1694 799 1828 877; x_wconf 82' lang='lat' dir='ltr'><strong>jam</strong></span> <span class='ocrx_word' id='word_1_40' title='bbox 1868 795 2013 857; x_wconf 89' lang='lat' dir='ltr'><strong>belli</strong></span> <span class='ocrx_word' id='word_1_41' title='bbox 2054 795 2282 857; x_wconf 77' lang='lat' dir='ltr'><strong>Gallici</strong></span> <span class='ocrx_word' id='word_1_42' title='bbox 2320 806 2532 870; x_wconf 87' lang='lat' dir='ltr'><strong>metus,</strong></span> <span class='ocrx_word' id='word_1_43' title='bbox 2580 797 2839 858; x_wconf 85' lang='lat' dir='ltr'><strong>nondum</strong></span> <span class='ocrx_word' id='word_1_44' title='bbox 2879 799 3017 859; x_wconf 76' lang='lat' dir='ltr'><strong>vin-</strong></span> 
     </span>
     <span class='ocr_line' id='line_1_20' title="bbox 1115 893 3015 978; baseline -0.002 -22"><span class='ocrx_word' id='word_1_45' title='bbox 1115 895 1290 956; x_wconf 81' lang='lat' dir='ltr'><strong>dietae</strong></span> <span class='ocrx_word' id='word_1_46' title='bbox 1327 895 1620 978; x_wconf 79' lang='lat' dir='ltr'><strong>cupiditas</strong></span> <span class='ocrx_word' id='word_1_47' title='bbox 1658 902 1820 954; x_wconf 80' lang='lat' dir='ltr'><strong>erat:</strong></span> <span class='ocrx_word' id='word_1_48' title='bbox 1866 893 2266 975; x_wconf 78' lang='lat' dir='ltr'><strong>ambobusque</strong></span> <span class='ocrx_word' id='word_1_49' title='bbox 2309 895 2559 974; x_wconf 84' lang='lat' dir='ltr'>proximi</span> <span class='ocrx_word' id='word_1_50' title='bbox 2598 894 2735 954; x_wconf 89' lang='lat' dir='ltr'><strong>anni</strong></span> <span class='ocrx_word' id='word_1_51' title='bbox 2754 899 2772 929; x_wconf 81' lang='lat'><em>⁸</em></span> <span class='ocrx_word' id='word_1_52' title='bbox 2800 914 3015 954; x_wconf 87' lang='lat' dir='ltr'><strong>consu-</strong></span> 
     </span>
     <span class='ocr_line' id='line_1_21' title="bbox 1118 989 3017 1074; baseline -0.001 -22"><span class='ocrx_word' id='word_1_53' title='bbox 1118 992 1273 1052; x_wconf 80' lang='lat' dir='ltr'><strong>libus</strong></span> <span class='ocrx_word' id='word_1_54' title='bbox 1314 1012 1386 1052; x_wconf 89' lang='lat' dir='ltr'><strong>ea</strong></span> <span class='ocrx_word' id='word_1_55' title='bbox 1427 991 1731 1074; x_wconf 81' lang='lat' dir='ltr'><strong>provincia</strong></span> <span class='ocrx_word' id='word_1_56' title='bbox 1772 990 1930 1050; x_wconf 83' lang='lat' dir='ltr'><strong>data.</strong></span> <span class='ocrx_word' id='word_1_57' title='bbox 1971 989 2046 1051; x_wconf 89' lang='lat' dir='ltr'><strong>T.</strong></span> <span class='ocrx_word' id='word_1_58' title='bbox 2077 990 2346 1051; x_wconf 86' lang='lat' dir='ltr'><strong>Manlius</strong></span> <span class='ocrx_word' id='word_1_59' title='bbox 2385 989 2461 1050; x_wconf 90' lang='lat' dir='ltr'><strong>T.</strong></span> <span class='ocrx_word' id='word_1_60' title='bbox 2506 990 2577 1053; x_wconf 92' lang='lat' dir='ltr'><strong>F.</strong></span> <span class='ocrx_word' id='word_1_61' title='bbox 2619 991 2693 1050; x_wconf 92' lang='lat' dir='ltr'><strong>T.</strong></span> <span class='ocrx_word' id='word_1_62' title='bbox 2739 989 2831 1051; x_wconf 89' lang='lat' dir='ltr'><strong>N.</strong></span> <span class='ocrx_word' id='word_1_63' title='bbox 2862 990 3017 1050; x_wconf 90' lang='lat' dir='ltr'><strong>Tor-</strong></span> 
     </span>
     <span class='ocr_line' id='line_1_22' title="bbox 1117 1085 3017 1170; baseline -0.002 -21"><span class='ocrx_word' id='word_1_64' title='bbox 1117 1098 1349 1170; x_wconf 89' lang='lat' dir='ltr'><strong>quatus,</strong></span> <span class='ocrx_word' id='word_1_65' title='bbox 1392 1088 1479 1156; x_wconf 80' lang='lat' dir='ltr'><strong>Q.</strong></span> <span class='ocrx_word' id='word_1_66' title='bbox 1506 1087 1751 1148; x_wconf 85' lang='lat' dir='ltr'><strong>Fulvius</strong></span> <span class='ocrx_word' id='word_1_67' title='bbox 1785 1087 1878 1147; x_wconf 88' lang='lat' dir='ltr'><strong>M.</strong></span> <span class='ocrx_word' id='word_1_68' title='bbox 1910 1085 1983 1149; x_wconf 87' lang='lat' dir='ltr'><strong>F.</strong></span> <span class='ocrx_word' id='word_1_69' title='bbox 2016 1087 2099 1155; x_wconf 79' lang='lat' dir='ltr'><strong>Q.</strong></span> <span class='ocrx_word' id='word_1_70' title='bbox 2124 1087 2215 1148; x_wconf 91' lang='lat' dir='ltr'><strong>N.</strong></span> <span class='ocrx_word' id='word_1_71' title='bbox 2248 1087 2499 1148; x_wconf 82' lang='lat' dir='ltr'><strong>Flaccus</strong></span> <span class='ocrx_word' id='word_1_72' title='bbox 2538 1097 2729 1158; x_wconf 86' lang='lat' dir='ltr'><strong>erant,</strong></span> <span class='ocrx_word' id='word_1_73' title='bbox 2766 1097 3017 1167; x_wconf 86' lang='lat' dir='ltr'><strong>uterque</strong></span> 
     </span>
     <span class='ocr_line' id='line_1_23' title="bbox 1119 1182 3017 1265; baseline -0.001 -21"><span class='ocrx_word' id='word_1_74' title='bbox 1119 1187 1346 1245; x_wconf 91' lang='lat' dir='ltr'><strong>iterum.</strong></span> <span class='ocrx_word' id='word_1_75' title='bbox 1429 1185 1554 1246; x_wconf 88' lang='lat' dir='ltr'><strong>His</strong></span> <span class='ocrx_word' id='word_1_76' title='bbox 1593 1185 1906 1254; x_wconf 86' lang='lat' dir='ltr'><strong>exercitus,</strong></span> <span class='ocrx_word' id='word_1_77' title='bbox 1950 1193 2011 1245; x_wconf 92' lang='lat' dir='ltr'><strong>et</strong></span> <span class='ocrx_word' id='word_1_78' title='bbox 2050 1204 2185 1265; x_wconf 81' lang='lat' dir='ltr'><strong>quae</strong></span> <span class='ocrx_word' id='word_1_79' title='bbox 2227 1183 2304 1243; x_wconf 84' lang='lat' dir='ltr'><strong>ad</strong></span> <span class='ocrx_word' id='word_1_80' title='bbox 2344 1182 2565 1243; x_wconf 90' lang='lat' dir='ltr'><strong>bellum</strong></span> <span class='ocrx_word' id='word_1_81' title='bbox 2608 1182 3017 1244; x_wconf 88' lang='lat' dir='ltr'><strong>instruendum</strong></span> 
     </span>
     <span class='ocr_line' id='line_1_24' title="bbox 1119 1280 3019 1362; baseline -0.002 -21"><span class='ocrx_word' id='word_1_82' title='bbox 1119 1282 1548 1362; x_wconf 78' lang='lat' dir='ltr'><strong>gerendumque</strong></span> <span class='ocrx_word' id='word_1_83' title='bbox 1601 1281 1975 1362; x_wconf 77' lang='lat' dir='ltr'><strong>pertinebant</strong></span> <span class='ocrx_word' id='word_1_84' title='bbox 2025 1280 2295 1341; x_wconf 76' lang='lat' dir='ltr'><strong>alacriter</strong></span> <span class='ocrx_word' id='word_1_85' title='bbox 2344 1280 2630 1341; x_wconf 84' lang='lat' dir='ltr'><strong>decreta:</strong></span> <span class='ocrx_word' id='word_1_86' title='bbox 2673 1301 2806 1362; x_wconf 86' lang='lat' dir='ltr'><strong>spes</strong></span> <span class='ocrx_word' id='word_1_87' title='bbox 2856 1280 3019 1338; x_wconf 89' lang='lat' dir='ltr'><strong>enim</strong></span> 
     </span>
     <span class='ocr_line' id='line_1_25' title="bbox 1119 1375 3021 1460; baseline -0.002 -22"><span class='ocrx_word' id='word_1_88' title='bbox 1119 1387 1268 1451; x_wconf 84' lang='lat' dir='ltr'><strong>erat,</strong></span> <span class='ocrx_word' id='word_1_89' title='bbox 1297 1388 1428 1460; x_wconf 90' lang='lat' dir='ltr'><strong>post</strong></span> <span class='ocrx_word' id='word_1_90' title='bbox 1453 1387 1679 1439; x_wconf 83' lang='lat' dir='ltr'><strong>tantam</strong></span> <span class='ocrx_word' id='word_1_91' title='bbox 1693 1377 2022 1449; x_wconf 79' lang='lat' dir='ltr'><strong>victoriam,</strong></span> <span class='ocrx_word' id='word_1_92' title='bbox 2048 1386 2175 1438; x_wconf 93' lang='lat' dir='ltr'><strong>toto</strong></span> <span class='ocrx_word' id='word_1_93' title='bbox 2194 1378 2353 1437; x_wconf 82' lang='lat' dir='ltr'><strong>circa</strong></span> <span class='ocrx_word' id='word_1_94' title='bbox 2372 1375 2617 1437; x_wconf 90' lang='lat' dir='ltr'><strong>Padum</strong></span> <span class='ocrx_word' id='word_1_95' title='bbox 2634 1397 2773 1456; x_wconf 80' lang='lat' dir='ltr'><strong>agro</strong></span> <span class='ocrx_word' id='word_1_96' title='bbox 2792 1375 3021 1457; x_wconf 84' lang='lat' dir='ltr'><strong>depelli</strong></span> 
     </span>
     <span class='ocr_line' id='line_1_26' title="bbox 1123 1473 3022 1556; baseline -0.001 -22"><span class='ocrx_word' id='word_1_97' title='bbox 1123 1474 1337 1535; x_wconf 78' lang='lat' dir='ltr'><strong>Gallos</strong></span> <span class='ocrx_word' id='word_1_98' title='bbox 1361 1497 1550 1556; x_wconf 85' lang='lat' dir='ltr'><strong>posse,</strong></span> <span class='ocrx_word' id='word_1_99' title='bbox 1575 1475 1626 1534; x_wconf 88' lang='lat' dir='ltr'><strong>si</strong></span> <span class='ocrx_word' id='word_1_100' title='bbox 1655 1475 1815 1534; x_wconf 86' lang='lat' dir='ltr'><strong>nervi</strong></span> <span class='ocrx_word' id='word_1_101' title='bbox 1840 1474 2291 1534; x_wconf 81' lang='lat' dir='ltr'><strong>intenderentur.</strong></span> <span class='ocrx_word' id='word_1_102' title='bbox 2356 1473 2644 1533; x_wconf 85' lang='lat' dir='ltr'><strong>Consules</strong></span> <span class='ocrx_word' id='word_1_103' title='bbox 2668 1493 2805 1534; x_wconf 87' lang='lat' dir='ltr'><strong>cum</strong></span> <span class='ocrx_word' id='word_1_104' title='bbox 2828 1473 3022 1554; x_wconf 84' lang='lat' dir='ltr'><strong>copiis</strong></span> 
     </span>
     <span class='ocr_line' id='line_1_27' title="bbox 1122 1569 3021 1653; baseline -0.001 -21"><span class='ocrx_word' id='word_1_105' title='bbox 1122 1571 1368 1653; x_wconf 89' lang='lat' dir='ltr'><strong>profecti</strong></span> <span class='ocrx_word' id='word_1_106' title='bbox 1414 1573 1600 1653; x_wconf 90' lang='lat' dir='ltr'><strong>primo</strong></span> <span class='ocrx_word' id='word_1_107' title='bbox 1639 1572 1836 1631; x_wconf 82' lang='lat' dir='ltr'><strong>statim</strong></span> <span class='ocrx_word' id='word_1_108' title='bbox 1876 1580 2091 1631; x_wconf 88' lang='lat' dir='ltr'><strong>terrore</strong></span> <span class='ocrx_word' id='word_1_109' title='bbox 2136 1569 2322 1630; x_wconf 88' lang='lat' dir='ltr'><strong>Boios</strong></span> <span class='ocrx_word' id='word_1_110' title='bbox 2348 1569 2424 1629; x_wconf 87' lang='lat' dir='ltr'><strong>ad</strong></span> <span class='ocrx_word' id='word_1_111' title='bbox 2452 1569 2809 1630; x_wconf 86' lang='lat' dir='ltr'><strong>deditionem</strong></span> <span class='ocrx_word' id='word_1_112' title='bbox 2852 1590 3021 1630; x_wconf 90' lang='lat' dir='ltr'><strong>com-</strong></span> 
     </span>
     <span class='ocr_line' id='line_1_28' title="bbox 1123 1665 3019 1748; baseline 0 -20"><span class='ocrx_word' id='word_1_113' title='bbox 1123 1668 1360 1748; x_wconf 85' lang='lat' dir='ltr'><strong>pulere:</strong></span> <span class='ocrx_word' id='word_1_114' title='bbox 1401 1669 1633 1747; x_wconf 82' lang='lat' dir='ltr'><strong>segnior</strong></span> <span class='ocrx_word' id='word_1_115' title='bbox 1656 1668 1869 1729; x_wconf 91' lang='lat' dir='ltr'><strong>deinde</strong></span> <span class='ocrx_word' id='word_1_116' title='bbox 1900 1667 2202 1748; x_wconf 85' lang='lat' dir='ltr'><strong>expeditio</strong></span> <span class='ocrx_word' id='word_1_117' title='bbox 2238 1665 2373 1738; x_wconf 86' lang='lat' dir='ltr'><strong>fuit,</strong></span> <span class='ocrx_word' id='word_1_118' title='bbox 2416 1667 2495 1725; x_wconf 90' lang='lat' dir='ltr'><strong>ob</strong></span> <span class='ocrx_word' id='word_1_119' title='bbox 2534 1666 2925 1747; x_wconf 84' lang='lat' dir='ltr'><strong>pestilentiam</strong></span> <span class='ocrx_word' id='word_1_120' title='bbox 2956 1677 3019 1729; x_wconf 89' lang='lat' dir='ltr'><strong>et</strong></span> 
     </span>
     <span class='ocr_line' id='line_1_29' title="bbox 1122 1761 3021 1825; baseline -0.001 0"><span class='ocrx_word' id='word_1_121' title='bbox 1122 1765 1425 1825; x_wconf 85' lang='lat' dir='ltr'><strong>continuos</strong></span> <span class='ocrx_word' id='word_1_122' title='bbox 1447 1766 1679 1825; x_wconf 88' lang='lat' dir='ltr'><strong>imbres.</strong></span> <span class='ocrx_word' id='word_1_123' title='bbox 1740 1762 1872 1823; x_wconf 91' lang='lat' dir='ltr'><strong>Alii</strong></span> <span class='ocrx_word' id='word_1_124' title='bbox 1898 1763 2137 1824; x_wconf 88' lang='lat' dir='ltr'><strong>tradunt</strong></span> <span class='ocrx_word' id='word_1_125' title='bbox 2163 1764 2270 1822; x_wconf 86' lang='lat' dir='ltr'><strong>hos</strong></span> <span class='ocrx_word' id='word_1_126' title='bbox 2294 1762 2563 1823; x_wconf 89' lang='lat' dir='ltr'><strong>consules</strong></span> <span class='ocrx_word' id='word_1_127' title='bbox 2578 1761 2757 1822; x_wconf 88' lang='lat' dir='ltr'><strong>Pado</strong></span> <span class='ocrx_word' id='word_1_128' title='bbox 2773 1765 3021 1824; x_wconf 82' lang='lat' dir='ltr'><strong>transito</strong></span> 
     </span>
     <span class='ocr_line' id='line_1_30' title="bbox 1123 1859 3021 1940; baseline -0.001 -18"><span class='ocrx_word' id='word_1_129' title='bbox 1123 1860 1355 1922; x_wconf 84' lang='lat' dir='ltr'><strong>collatis</strong></span> <span class='ocrx_word' id='word_1_130' title='bbox 1379 1862 1558 1940; x_wconf 85' lang='lat' dir='ltr'><strong>signis</strong></span> <span class='ocrx_word' id='word_1_131' title='bbox 1582 1861 1789 1922; x_wconf 83' lang='lat' dir='ltr'><strong>vicisse</strong></span> <span class='ocrx_word' id='word_1_132' title='bbox 1819 1861 2115 1932; x_wconf 88' lang='lat' dir='ltr'><strong>Insubres,</strong></span> <span class='ocrx_word' id='word_1_133' title='bbox 2160 1861 2459 1920; x_wconf 89' lang='lat' dir='ltr'><strong>hominum</strong></span> <span class='ocrx_word' id='word_1_134' title='bbox 2486 1859 2768 1920; x_wconf 90' lang='lat' dir='ltr'><strong>occidisse</strong></span> <span class='ocrx_word' id='word_1_135' title='bbox 2810 1861 2925 1922; x_wconf 86' lang='lat' dir='ltr'><strong>tria</strong></span> <span class='ocrx_word' id='word_1_136' title='bbox 2958 1872 3021 1921; x_wconf 88' lang='lat' dir='ltr'><strong>et</strong></span> 
     </span>
     <span class='ocr_line' id='line_1_31' title="bbox 1121 1956 3021 2039; baseline 0.001 -22"><span class='ocrx_word' id='word_1_137' title='bbox 1121 1958 1329 2036; x_wconf 83' lang='lat' dir='ltr'><strong>viginti</strong></span> <span class='ocrx_word' id='word_1_138' title='bbox 1368 1957 1574 2028; x_wconf 87' lang='lat' dir='ltr'><strong>millia,</strong></span> <span class='ocrx_word' id='word_1_139' title='bbox 1617 1958 1839 2039; x_wconf 86' lang='lat' dir='ltr'><strong>cepisse</strong></span> <span class='ocrx_word' id='word_1_140' title='bbox 1868 1958 2157 2038; x_wconf 86' lang='lat' dir='ltr'><strong>quinque:</strong></span> <span class='ocrx_word' id='word_1_141' title='bbox 2198 1957 2303 2016; x_wconf 87' lang='lat' dir='ltr'><strong>sed</strong></span> <span class='ocrx_word' id='word_1_142' title='bbox 2328 1957 2496 2016; x_wconf 90' lang='lat' dir='ltr'><strong>nobis</strong></span> <span class='ocrx_word' id='word_1_143' title='bbox 2532 1956 2782 2037; x_wconf 88' lang='lat' dir='ltr'><strong>Polybii</strong></span> <span class='ocrx_word' id='word_1_144' title='bbox 2825 1958 3021 2038; x_wconf 89' lang='lat' dir='ltr'><strong>potior</strong></span> 
     </span>
     <span class='ocr_line' id='line_1_32' title="bbox 1121 2053 3020 2132; baseline 0 -18"><span class='ocrx_word' id='word_1_145' title='bbox 1121 2063 1212 2114; x_wconf 56' lang='lat' dir='ltr'><strong>est</strong></span> <span class='ocrx_word' id='word_1_146' title='bbox 1245 2055 1307 2114; x_wconf 89' lang='lat' dir='ltr'><strong>in</strong></span> <span class='ocrx_word' id='word_1_147' title='bbox 1337 2055 1428 2114; x_wconf 90' lang='lat' dir='ltr'><strong>his</strong></span> <span class='ocrx_word' id='word_1_148' title='bbox 1453 2054 1626 2114; x_wconf 89' lang='lat' dir='ltr'><strong>rebus</strong></span> <span class='ocrx_word' id='word_1_149' title='bbox 1654 2055 1989 2114; x_wconf 78' lang='lat' dir='ltr'><strong>auctoritas.</strong></span> <span class='ocrx_word' id='word_1_150' title='bbox 2061 2053 2300 2114; x_wconf 87' lang='lat' dir='ltr'><strong>Interea</strong></span> <span class='ocrx_word' id='word_1_151' title='bbox 2341 2053 2483 2132; x_wconf 89' lang='lat' dir='ltr'><strong>quia</strong></span> <span class='ocrx_word' id='word_1_152' title='bbox 2522 2053 2791 2113; x_wconf 85' lang='lat' dir='ltr'><strong>consules</strong></span> <span class='ocrx_word' id='word_1_153' title='bbox 2824 2075 2857 2113; x_wconf 91' lang='lat' dir='ltr'><strong>e</strong></span> <span class='ocrx_word' id='word_1_154' title='bbox 2886 2054 3020 2114; x_wconf 84' lang='lat' dir='ltr'><strong>lon·</strong></span> 
     </span>
     <span class='ocr_line' id='line_1_33' title="bbox 1120 2148 3017 2231; baseline 0.001 -21"><span class='ocrx_word' id='word_1_155' title='bbox 1120 2150 1350 2231; x_wconf 78' lang='lat' dir='ltr'><strong>ginquis</strong></span> <span class='ocrx_word' id='word_1_156' title='bbox 1373 2150 1726 2229; x_wconf 82' lang='lat' dir='ltr'><strong>regionibus,</strong></span> <span class='ocrx_word' id='word_1_157' title='bbox 1752 2150 1875 2210; x_wconf 81' lang='lat' dir='ltr'><strong>sive</strong></span> <span class='ocrx_word' id='word_1_158' title='bbox 1898 2150 2071 2210; x_wconf 88' lang='lat' dir='ltr'><strong>rebus</strong></span> <span class='ocrx_word' id='word_1_159' title='bbox 2097 2148 2387 2229; x_wconf 81' lang='lat' dir='ltr'><strong>gerendis,</strong></span> <span class='ocrx_word' id='word_1_160' title='bbox 2415 2149 2539 2208; x_wconf 87' lang='lat' dir='ltr'><strong>sive</strong></span> <span class='ocrx_word' id='word_1_161' title='bbox 2566 2151 3017 2230; x_wconf 74' lang='lat' dir='ltr'><strong>tempestatibus</strong></span> 
     </span>
     <span class='ocr_line' id='line_1_34' title="bbox 1123 2246 3021 2327; baseline 0.001 -20"><span class='ocrx_word' id='word_1_162' title='bbox 1123 2247 1410 2327; x_wconf 88' lang='lat' dir='ltr'><strong>impediti,</strong></span> <span class='ocrx_word' id='word_1_163' title='bbox 1461 2246 1541 2307; x_wconf 84' lang='lat' dir='ltr'><strong>ad</strong></span> <span class='ocrx_word' id='word_1_164' title='bbox 1588 2246 1827 2307; x_wconf 81' lang='lat' dir='ltr'><strong>comitia</strong></span> <span class='ocrx_word' id='word_1_165' title='bbox 1869 2265 2169 2306; x_wconf 89' lang='lat' dir='ltr'><strong>occurrere</strong></span> <span class='ocrx_word' id='word_1_166' title='bbox 2216 2266 2331 2305; x_wconf 92' lang='lat' dir='ltr'><strong>non</strong></span> <span class='ocrx_word' id='word_1_167' title='bbox 2380 2254 2712 2326; x_wconf 88' lang='lat' dir='ltr'><strong>potuerant,</strong></span> <span class='ocrx_word' id='word_1_168' title='bbox 2764 2249 2895 2325; x_wconf 90' lang='lat' dir='ltr'><strong>ejus</strong></span> <span class='ocrx_word' id='word_1_169' title='bbox 2935 2249 3021 2308; x_wconf 90' lang='lat' dir='ltr'><strong>rei</strong></span> 
     </span>
     <span class='ocr_line' id='line_1_35' title="bbox 1124 2340 3021 2422; baseline 0.002 -20"><span class='ocrx_word' id='word_1_170' title='bbox 1124 2343 1313 2422; x_wconf 82' lang='lat' dir='ltr'><strong>gratia</strong></span> <span class='ocrx_word' id='word_1_171' title='bbox 1349 2342 1601 2404; x_wconf 83' lang='lat' dir='ltr'><strong>dictator</strong></span> <span class='ocrx_word' id='word_1_172' title='bbox 1640 2351 1871 2402; x_wconf 85' lang='lat' dir='ltr'><strong>creatus</strong></span> <span class='ocrx_word' id='word_1_173' title='bbox 1911 2349 2001 2402; x_wconf 87' lang='lat' dir='ltr'><strong>est</strong></span> <span class='ocrx_word' id='word_1_174' title='bbox 2039 2340 2110 2403; x_wconf 92' lang='lat' dir='ltr'><strong>L.</strong></span> <span class='ocrx_word' id='word_1_175' title='bbox 2140 2341 2418 2402; x_wconf 82' lang='lat' dir='ltr'><strong>Caecilius</strong></span> <span class='ocrx_word' id='word_1_176' title='bbox 2446 2341 2516 2403; x_wconf 94' lang='lat' dir='ltr'><strong>L.</strong></span> <span class='ocrx_word' id='word_1_177' title='bbox 2552 2342 2621 2401; x_wconf 88' lang='lat' dir='ltr'><strong>F.</strong></span> <span class='ocrx_word' id='word_1_178' title='bbox 2651 2341 2727 2402; x_wconf 86' lang='lat' dir='ltr'><strong>C.</strong></span> <span class='ocrx_word' id='word_1_179' title='bbox 2758 2341 2849 2404; x_wconf 93' lang='lat' dir='ltr'><strong>N.</strong></span> <span class='ocrx_word' id='word_1_180' title='bbox 2879 2343 3021 2405; x_wconf 86' lang='lat' dir='ltr'><strong>Me-</strong></span> 
     </span>
     <span class='ocr_line' id='line_1_36' title="bbox 1124 2436 3021 2519; baseline 0.001 -19"><span class='ocrx_word' id='word_1_181' title='bbox 1124 2439 1334 2500; x_wconf 86' lang='lat' dir='ltr'><strong>tellus:</strong></span> <span class='ocrx_word' id='word_1_182' title='bbox 1377 2439 1540 2519; x_wconf 86' lang='lat' dir='ltr'><strong>isque</strong></span> <span class='ocrx_word' id='word_1_183' title='bbox 1583 2437 1674 2499; x_wconf 93' lang='lat' dir='ltr'><strong>N.</strong></span> <span class='ocrx_word' id='word_1_184' title='bbox 1720 2438 1973 2500; x_wconf 89' lang='lat' dir='ltr'><strong>Fabium</strong></span> <span class='ocrx_word' id='word_1_185' title='bbox 2010 2437 2105 2500; x_wconf 90' lang='lat' dir='ltr'><strong>M.</strong></span> <span class='ocrx_word' id='word_1_186' title='bbox 2154 2437 2225 2498; x_wconf 88' lang='lat' dir='ltr'><strong>F.</strong></span> <span class='ocrx_word' id='word_1_187' title='bbox 2271 2437 2365 2498; x_wconf 90' lang='lat' dir='ltr'><strong>M.</strong></span> <span class='ocrx_word' id='word_1_188' title='bbox 2395 2436 2485 2498; x_wconf 90' lang='lat' dir='ltr'><strong>N.</strong></span> <span class='ocrx_word' id='word_1_189' title='bbox 2534 2437 2865 2501; x_wconf 89' lang='lat' dir='ltr'><strong>Buteonem</strong></span> <span class='ocrx_word' id='word_1_190' title='bbox 2892 2461 3021 2502; x_wconf 87' lang='lat' dir='ltr'><strong>ma-</strong></span> 
     </span>
     <span class='ocr_line' id='line_1_37' title="bbox 1125 2533 3021 2617; baseline 0.001 -21"><span class='ocrx_word' id='word_1_191' title='bbox 1125 2537 1366 2617; x_wconf 76' lang='lat' dir='ltr'><strong>gistrum</strong></span> <span class='ocrx_word' id='word_1_192' title='bbox 1417 2536 1680 2617; x_wconf 91' lang='lat' dir='ltr'><strong>equitum</strong></span> <span class='ocrx_word' id='word_1_193' title='bbox 1727 2533 1897 2594; x_wconf 83' lang='lat' dir='ltr'><strong>dixit.</strong></span> <span class='ocrx_word' id='word_1_194' title='bbox 1995 2533 2270 2594; x_wconf 76' lang='lat' dir='ltr'><strong>comitiis</strong></span> <span class='ocrx_word' id='word_1_195' title='bbox 2308 2533 2526 2594; x_wconf 84' lang='lat' dir='ltr'><strong>habitis</strong></span> <span class='ocrx_word' id='word_1_196' title='bbox 2571 2536 2839 2596; x_wconf 88' lang='lat' dir='ltr'><strong>consules</strong></span> <span class='ocrx_word' id='word_1_197' title='bbox 2876 2535 3021 2597; x_wconf 80' lang='lat' dir='ltr'><strong>facti</strong></span> 
     </span>
     <span class='ocr_line' id='line_1_38' title="bbox 1124 2630 3019 2714; baseline 0.001 -20"><span class='ocrx_word' id='word_1_198' title='bbox 1124 2644 1258 2696; x_wconf 88' lang='lat' dir='ltr'><strong>sunt</strong></span> <span class='ocrx_word' id='word_1_199' title='bbox 1298 2633 1375 2695; x_wconf 84' lang='lat' dir='ltr'><strong>C.</strong></span> <span class='ocrx_word' id='word_1_200' title='bbox 1405 2633 1728 2694; x_wconf 74' lang='lat' dir='ltr'><strong>Flaminius</strong></span> <span class='ocrx_word' id='word_1_201' title='bbox 1760 2632 1836 2694; x_wconf 80' lang='lat'><strong>0.</strong></span> <span class='ocrx_word' id='word_1_202' title='bbox 1868 2631 1941 2693; x_wconf 88' lang='lat' dir='ltr'><strong>F.</strong></span> <span class='ocrx_word' id='word_1_203' title='bbox 1974 2631 2044 2693; x_wconf 92' lang='lat' dir='ltr'><strong>L.</strong></span> <span class='ocrx_word' id='word_1_204' title='bbox 2073 2630 2170 2697; x_wconf 87' lang='lat' dir='ltr'><strong>N.</strong></span> <span class='ocrx_word' id='word_1_205' title='bbox 2196 2630 2276 2692; x_wconf 91' lang='lat' dir='ltr'><strong>P.</strong></span> <span class='ocrx_word' id='word_1_206' title='bbox 2306 2630 2517 2693; x_wconf 89' lang='lat' dir='ltr'><strong>Furius</strong></span> <span class='ocrx_word' id='word_1_207' title='bbox 2551 2632 2657 2714; x_wconf 89' lang='lat' dir='ltr'><strong>Sp.</strong></span> <span class='ocrx_word' id='word_1_208' title='bbox 2694 2632 2767 2693; x_wconf 91' lang='lat' dir='ltr'><strong>F.</strong></span> <span class='ocrx_word' id='word_1_209' title='bbox 2798 2634 2895 2697; x_wconf 88' lang='grc' dir='ltr'><strong>Μ.</strong></span> <span class='ocrx_word' id='word_1_210' title='bbox 2927 2634 3019 2695; x_wconf 93' lang='lat' dir='ltr'><strong>N.</strong></span> 
     </span>
     <span class='ocr_line' id='line_1_39' title="bbox 1127 2730 1394 2792; baseline 0 -1"><span class='ocrx_word' id='word_1_211' title='bbox 1127 2730 1394 2792; x_wconf 54' lang='lat' dir='ltr'><strong>Philus!</strong></span> 
     </span>
    </p>

    <p class='ocr_par' dir='ltr' id='par_1_13' title="bbox 1129 2822 3025 3589">
     <span class='ocr_line' id='line_1_40' title="bbox 1208 2822 3021 2908; baseline 0.001 -20"><span class='ocrx_word' id='word_1_212' title='bbox 1208 2834 1308 2891; x_wconf 83' lang='lat'><strong>47.</strong></span> <span class='ocrx_word' id='word_1_213' title='bbox 1353 2824 1449 2887; x_wconf 91' lang='lat' dir='ltr'><strong>Hi</strong></span> <span class='ocrx_word' id='word_1_214' title='bbox 1477 2826 1645 2908; x_wconf 88' lang='lat' dir='ltr'><strong>primi</strong></span> <span class='ocrx_word' id='word_1_215' title='bbox 1674 2822 2103 2901; x_wconf 88' lang='lat' dir='ltr'><strong>Romanorum,</strong></span> <span class='ocrx_word' id='word_1_216' title='bbox 2128 2836 2195 2887; x_wconf 90' lang='lat' dir='ltr'><strong>ut</strong></span> <span class='ocrx_word' id='word_1_217' title='bbox 2218 2827 2510 2899; x_wconf 84' lang='lat' dir='ltr'><strong>existimo,</strong></span> <span class='ocrx_word' id='word_1_218' title='bbox 2538 2826 2782 2889; x_wconf 88' lang='lat' dir='ltr'><strong>Padum</strong></span> <span class='ocrx_word' id='word_1_219' title='bbox 2809 2830 3021 2890; x_wconf 84' lang='lat' dir='ltr'><strong>transi-</strong></span> 
     </span>
     <span class='ocr_line' id='line_1_41' title="bbox 1129 2923 3025 3004; baseline 0 -18"><span class='ocrx_word' id='word_1_220' title='bbox 1129 2944 1264 2986; x_wconf 83' lang='lat' dir='ltr'><strong>vere</strong></span> <span class='ocrx_word' id='word_1_221' title='bbox 1290 2944 1424 2985; x_wconf 85' lang='lat' dir='ltr'><strong>cum</strong></span> <span class='ocrx_word' id='word_1_222' title='bbox 1443 2924 1730 2996; x_wconf 84' lang='lat' dir='ltr'><strong>exercitu,</strong></span> <span class='ocrx_word' id='word_1_223' title='bbox 1757 2944 1877 3004; x_wconf 84' lang='lat' dir='ltr'><strong>qua</strong></span> <span class='ocrx_word' id='word_1_224' title='bbox 1894 2923 2108 2985; x_wconf 86' lang='lat' dir='ltr'><strong>fluvius</strong></span> <span class='ocrx_word' id='word_1_225' title='bbox 2135 2924 2361 2984; x_wconf 89' lang='lat' dir='ltr'><strong>Addua</strong></span> <span class='ocrx_word' id='word_1_226' title='bbox 2386 2924 2566 2985; x_wconf 80' lang='lat' dir='ltr'><strong>Pado</strong></span> <span class='ocrx_word' id='word_1_227' title='bbox 2590 2926 3025 2999; x_wconf 75' lang='lat' dir='ltr'><strong>committitur,¹</strong></span> 
     </span>
     <span class='ocr_line' id='line_1_42' title="bbox 1131 3019 3021 3102; baseline 0.002 -21"><span class='ocrx_word' id='word_1_228' title='bbox 1131 3042 1190 3081; x_wconf 89' lang='lat' dir='ltr'><strong>m</strong></span> <span class='ocrx_word' id='word_1_229' title='bbox 1233 3021 1526 3101; x_wconf 79' lang='lat' dir='ltr'><strong>regionem</strong></span> <span class='ocrx_word' id='word_1_230' title='bbox 1569 3019 1884 3081; x_wconf 88' lang='lat' dir='ltr'><strong>Insubrum</strong></span> <span class='ocrx_word' id='word_1_231' title='bbox 1924 3020 2239 3102; x_wconf 86' lang='lat' dir='ltr'><strong>irruptione</strong></span> <span class='ocrx_word' id='word_1_232' title='bbox 2280 3020 2463 3083; x_wconf 84' lang='lat' dir='ltr'><strong>facta.</strong></span> <span class='ocrx_word' id='word_1_233' title='bbox 2548 3020 2749 3083; x_wconf 77' lang='lat' dir='ltr'><strong>Multo</strong></span> <span class='ocrx_word' id='word_1_234' title='bbox 2796 3021 3021 3094; x_wconf 88' lang='lat' dir='ltr'><strong>labore,</strong></span> 
     </span>
     <span class='ocr_line' id='line_1_43' title="bbox 1129 3118 3021 3200; baseline 0.002 -22"><span class='ocrx_word' id='word_1_235' title='bbox 1129 3139 1320 3200; x_wconf 89' lang='lat' dir='ltr'><strong>neque</strong></span> <span class='ocrx_word' id='word_1_236' title='bbox 1365 3118 1526 3179; x_wconf 90' lang='lat' dir='ltr'><strong>nullo</strong></span> <span class='ocrx_word' id='word_1_237' title='bbox 1560 3120 1864 3199; x_wconf 80' lang='lat' dir='ltr'><strong>sauguine,</strong></span> <span class='ocrx_word' id='word_1_238' title='bbox 1904 3121 2033 3181; x_wconf 84' lang='lat' dir='ltr'><strong>haec</strong></span> <span class='ocrx_word' id='word_1_239' title='bbox 2069 3119 2320 3180; x_wconf 83' lang='lat' dir='ltr'><strong>audacia</strong></span> <span class='ocrx_word' id='word_1_240' title='bbox 2360 3120 2656 3181; x_wconf 87' lang='lat' dir='ltr'><strong>constitit:</strong></span> <span class='ocrx_word' id='word_1_241' title='bbox 2700 3140 2837 3181; x_wconf 85' lang='lat' dir='ltr'><strong>nam</strong></span> <span class='ocrx_word' id='word_1_242' title='bbox 2872 3122 3021 3182; x_wconf 85' lang='lat' dir='ltr'><strong>etin</strong></span> 
     </span>
     <span class='ocr_line' id='line_1_44' title="bbox 1129 3213 3023 3297; baseline 0.001 -20"><span class='ocrx_word' id='word_1_243' title='bbox 1129 3216 1373 3277; x_wconf 87' lang='lat' dir='ltr'><strong>transitu</strong></span> <span class='ocrx_word' id='word_1_244' title='bbox 1415 3213 1688 3287; x_wconf 90' lang='lat' dir='ltr'><strong>fluminis,</strong></span> <span class='ocrx_word' id='word_1_245' title='bbox 1734 3224 1797 3277; x_wconf 86' lang='lat' dir='ltr'><strong>et</strong></span> <span class='ocrx_word' id='word_1_246' title='bbox 1836 3215 1977 3277; x_wconf 89' lang='lat' dir='ltr'><strong>dum</strong></span> <span class='ocrx_word' id='word_1_247' title='bbox 2002 3226 2196 3277; x_wconf 83' lang='lat' dir='ltr'><strong>castra</strong></span> <span class='ocrx_word' id='word_1_248' title='bbox 2238 3226 2551 3297; x_wconf 88' lang='lat' dir='ltr'><strong>ponuntur,</strong></span> <span class='ocrx_word' id='word_1_249' title='bbox 2589 3217 2798 3277; x_wconf 89' lang='lat' dir='ltr'><strong>acriter</strong></span> <span class='ocrx_word' id='word_1_250' title='bbox 2826 3219 3023 3278; x_wconf 86' lang='lat' dir='ltr'><strong>incur-</strong></span> 
     </span>
     <span class='ocr_line' id='line_1_45' title="bbox 1129 3311 3021 3393; baseline 0.002 -21"><span class='ocrx_word' id='word_1_251' title='bbox 1129 3321 1320 3372; x_wconf 88' lang='lat' dir='ltr'><strong>rentes</strong></span> <span class='ocrx_word' id='word_1_252' title='bbox 1342 3312 1536 3373; x_wconf 86' lang='lat' dir='ltr'><strong>hostes</strong></span> <span class='ocrx_word' id='word_1_253' title='bbox 1567 3311 1974 3372; x_wconf 85' lang='lat' dir='ltr'><strong>Romanorum</strong></span> <span class='ocrx_word' id='word_1_254' title='bbox 2016 3312 2176 3372; x_wconf 84' lang='lat' dir='ltr'><strong>haud</strong></span> <span class='ocrx_word' id='word_1_255' title='bbox 2215 3332 2437 3393; x_wconf 81' lang='lat' dir='ltr'><strong>paucos</strong></span> <span class='ocrx_word' id='word_1_256' title='bbox 2474 3313 2832 3375; x_wconf 85' lang='lat' dir='ltr'><strong>occiderunt.</strong></span> <span class='ocrx_word' id='word_1_257' title='bbox 2924 3314 3021 3375; x_wconf 82' lang='lat' dir='ltr'><strong>Ex</strong></span> 
     </span>
     <span class='ocr_line' id='line_1_46' title="bbox 1129 3408 3023 3472; baseline 0.002 -4"><span class='ocrx_word' id='word_1_258' title='bbox 1129 3408 1334 3468; x_wconf 84' lang='lat' dir='ltr'><strong>harum</strong></span> <span class='ocrx_word' id='word_1_259' title='bbox 1358 3428 1548 3468; x_wconf 88' lang='lat' dir='ltr'><strong>rerum</strong></span> <span class='ocrx_word' id='word_1_260' title='bbox 1573 3408 1791 3469; x_wconf 86' lang='lat' dir='ltr'><strong>nuntiis</strong></span> <span class='ocrx_word' id='word_1_261' title='bbox 1814 3416 2001 3469; x_wconf 85' lang='lat' dir='ltr'><strong>ortam</strong></span> <span class='ocrx_word' id='word_1_262' title='bbox 2028 3408 2457 3469; x_wconf 85' lang='lat' dir='ltr'><strong>solicitudinem</strong></span> <span class='ocrx_word' id='word_1_263' title='bbox 2501 3411 2845 3471; x_wconf 90' lang='lat' dir='ltr'><strong>immensum</strong></span> <span class='ocrx_word' id='word_1_264' title='bbox 2870 3430 3023 3472; x_wconf 83' lang='lat' dir='ltr'><strong>aux-</strong></span> 
     </span>
     <span class='ocr_line' id='line_1_47' title="bbox 1129 3503 3020 3589; baseline 0.001 -23"><span class='ocrx_word' id='word_1_265' title='bbox 1129 3524 1224 3566; x_wconf 87' lang='lat' dir='ltr'><strong>ere</strong></span> <span class='ocrx_word' id='word_1_266' title='bbox 1251 3504 1539 3587; x_wconf 83' lang='lat' dir='ltr'><strong>prodigia,</strong></span> <span class='ocrx_word' id='word_1_267' title='bbox 1586 3503 1747 3585; x_wconf 88' lang='lat' dir='ltr'><strong>quod</strong></span> <span class='ocrx_word' id='word_1_268' title='bbox 1790 3505 1850 3565; x_wconf 89' lang='lat' dir='ltr'><strong>in</strong></span> <span class='ocrx_word' id='word_1_269' title='bbox 1884 3504 2115 3566; x_wconf 90' lang='lat' dir='ltr'><strong>Piceno</strong></span> <span class='ocrx_word' id='word_1_270' title='bbox 2154 3504 2368 3565; x_wconf 88' lang='lat' dir='ltr'><strong>flumen</strong></span> <span class='ocrx_word' id='word_1_271' title='bbox 2405 3525 2673 3566; x_wconf 82' lang='lat' dir='ltr'><strong>manasse</strong></span> <span class='ocrx_word' id='word_1_272' title='bbox 2712 3509 3020 3589; x_wconf 80' lang='lat' dir='ltr'><strong>sanguine,</strong></span> 
     </span>
    </p>
   </div>
   <div class='ocr_carea' id='block_1_12' title="bbox 1193 3698 2751 3766">
    <p class='ocr_par' dir='ltr' id='par_1_14' title="bbox 1193 3698 2751 3766">
     <span class='ocr_line' id='line_1_48' title="bbox 1193 3698 2751 3766; baseline 0.001 -16"><span class='ocrx_word' id='word_1_273' title='bbox 1193 3703 1256 3750; x_wconf 86' lang='lat' dir='ltr'><strong>u</strong></span> <span class='ocrx_word' id='word_1_274' title='bbox 1291 3698 1380 3750; x_wconf 80' lang='lat' dir='ltr'><strong>Its</strong></span> <span class='ocrx_word' id='word_1_275' title='bbox 1401 3700 1554 3758; x_wconf 62' lang='lat' dir='ltr'><strong>Cret.</strong></span> <span class='ocrx_word' id='word_1_276' title='bbox 1575 3714 1644 3751; x_wconf 84' lang='lat' dir='ltr'><strong>ex</strong></span> <span class='ocrx_word' id='word_1_277' title='bbox 1666 3700 1835 3751; x_wconf 82' lang='lat' dir='ltr'><strong>Fastis</strong></span> <span class='ocrx_word' id='word_1_278' title='bbox 1858 3700 2032 3765; x_wconf 79' lang='lat' dir='ltr'><strong>Capit.</strong></span> <span class='ocrx_word' id='word_1_279' title='bbox 2066 3700 2201 3751; x_wconf 86' lang='lat' dir='ltr'><strong>Edd.</strong></span> <span class='ocrx_word' id='word_1_280' title='bbox 2222 3701 2423 3766; x_wconf 78' lang='lat' dir='ltr'><strong>priores</strong></span> <span class='ocrx_word' id='word_1_281' title='bbox 2449 3701 2512 3758; x_wconf 77' lang='lat' dir='ltr'><strong>Q.</strong></span> <span class='ocrx_word' id='word_1_282' title='bbox 2532 3701 2751 3753; x_wconf 69' lang='lat' dir='ltr'><strong>Claudio.</strong></span> 
     </span>
    </p>
   </div>
   <div class='ocr_carea' id='block_1_13' title="bbox 1950 3842 2154 3863">
    <p class='ocr_par' dir='ltr' id='par_1_15' title="bbox 1950 3842 2154 3863">
     <span class='ocr_line' id='line_1_49' title="bbox 1950 3842 2154 3863; baseline 0 1362"><span class='ocrx_word' id='word_1_283' title='bbox 1950 3842 2154 3863; x_wconf 95' lang='lat' dir='ltr'><strong> </strong></span> 
     </span>
    </p>
   </div>
   <div class='ocr_carea' id='block_1_14' title="bbox 2160 3838 2249 3864">
    <p class='ocr_par' dir='ltr' id='par_1_16' title="bbox 2160 3838 2249 3864">
     <span class='ocr_line' id='line_1_50' title="bbox 2160 3838 2249 3864; baseline 0.011 -1"><span class='ocrx_word' id='word_1_284' title='bbox 2160 3838 2249 3864; x_wconf 59' lang='lat'><strong>000</strong></span> 
     </span>
    </p>
   </div>
   <div class='ocr_carea' id='block_1_15' title="bbox 1121 3940 3027 4400">
    <p class='ocr_par' dir='ltr' id='par_1_17' title="bbox 1121 3940 3027 4400">
     <span class='ocr_line' id='line_1_51' title="bbox 1129 3940 3023 4003; baseline 0.004 -14"><span class='ocrx_word' id='word_1_285' title='bbox 1129 3943 1213 3989; x_wconf 78' lang='grc'><strong>23.</strong></span> <span class='ocrx_word' id='word_1_286' title='bbox 1249 3953 1417 4003; x_wconf 78' lang='lat' dir='ltr'><strong>snpra.</strong></span> <span class='ocrx_word' id='word_1_287' title='bbox 1479 3940 1582 3991; x_wconf 82' lang='lat' dir='ltr'><strong>Sed</strong></span> <span class='ocrx_word' id='word_1_288' title='bbox 1627 3941 1925 3992; x_wconf 74' lang='lat' dir='ltr'><strong>dubitamus</strong></span> <span class='ocrx_word' id='word_1_289' title='bbox 1969 3955 2034 3991; x_wconf 79' lang='lat' dir='ltr'><strong>an</strong></span> <span class='ocrx_word' id='word_1_290' title='bbox 2107 3940 2424 3995; x_wconf 76' lang='lat' dir='ltr'><strong>sustulimus.</strong></span> <span class='ocrx_word' id='word_1_291' title='bbox 2512 3941 2893 3995; x_wconf 68' lang='lat' dir='ltr'><strong>Freinshemius</strong></span> <span class='ocrx_word' id='word_1_292' title='bbox 2968 3946 3023 3997; x_wconf 76' lang='lat' dir='ltr'><strong>iu</strong></span> 
     </span>
     <span class='ocr_line' id='line_1_52' title="bbox 1131 4006 3025 4075; baseline 0.005 -23"><span class='ocrx_word' id='word_1_293' title='bbox 1131 4006 1508 4069; x_wconf 80' lang='lat' dir='ltr'><strong>proprietatem</strong></span> <span class='ocrx_word' id='word_1_294' title='bbox 1564 4007 1735 4057; x_wconf 84' lang='lat' dir='ltr'><strong>Latini</strong></span> <span class='ocrx_word' id='word_1_295' title='bbox 1788 4008 2037 4058; x_wconf 83' lang='lat' dir='ltr'><strong>sermonis</strong></span> <span class='ocrx_word' id='word_1_296' title='bbox 2106 4006 2341 4057; x_wconf 79' lang='lat' dir='ltr'><strong>fraudem</strong></span> <span class='ocrx_word' id='word_1_297' title='bbox 2366 4007 2608 4058; x_wconf 84' lang='lat' dir='ltr'><strong>inductus</strong></span> <span class='ocrx_word' id='word_1_298' title='bbox 2640 4012 2708 4059; x_wconf 82' lang='lat' dir='ltr'><strong>ab</strong></span> <span class='ocrx_word' id='word_1_299' title='bbox 2731 4010 3025 4075; x_wconf 73' lang='lat' dir='ltr'><strong>interprete</strong></span> 
     </span>
     <span class='ocr_line' id='line_1_53' title="bbox 1129 4072 3027 4140; baseline 0.005 -21"><span class='ocrx_word' id='word_1_300' title='bbox 1129 4072 1432 4121; x_wconf 81' lang='lat' dir='ltr'><strong>servaverit.</strong></span> <span class='ocrx_word' id='word_1_301' title='bbox 1469 4073 1610 4121; x_wconf 73' lang='lat' dir='ltr'><strong>Cres.</strong></span> <span class='ocrx_word' id='word_1_302' title='bbox 2108 4073 2333 4136; x_wconf 77' lang='lat' dir='ltr'><strong>Polybii,</strong></span> <span class='ocrx_word' id='word_1_303' title='bbox 2354 4074 2573 4123; x_wconf 78' lang='lat' dir='ltr'><strong>dederat</strong></span> <span class='ocrx_word' id='word_1_304' title='bbox 2596 4090 2688 4138; x_wconf 67' lang='lat' dir='ltr'><strong>qim</strong></span> <span class='ocrx_word' id='word_1_305' title='bbox 2707 4076 2899 4140; x_wconf 72' lang='lat' dir='ltr'><strong>flavius</strong></span> <span class='ocrx_word' id='word_1_306' title='bbox 2920 4076 3027 4127; x_wconf 76' lang='lat' dir='ltr'><strong>Pa-</strong></span> 
     </span>
     <span class='ocr_line' id='line_1_54' title="bbox 1191 4128 3025 4193; baseline 0.004 -8"><span class='ocrx_word' id='word_1_307' title='bbox 1191 4134 1208 4168; x_wconf 76' lang='lat'>⁸</span> <span class='ocrx_word' id='word_1_308' title='bbox 1246 4134 1310 4185; x_wconf 85' lang='grc' dir='ltr'><strong>Α.</strong></span> <span class='ocrx_word' id='word_1_309' title='bbox 1333 4128 1401 4185; x_wconf 82' lang='lat' dir='ltr'><strong>U.</strong></span> <span class='ocrx_word' id='word_1_310' title='bbox 1426 4134 1487 4187; x_wconf 86' lang='lat' dir='ltr'><strong>C.</strong></span> <span class='ocrx_word' id='word_1_311' title='bbox 1509 4140 1624 4186; x_wconf 76' lang='grc'><strong>528.</strong></span> <span class='ocrx_word' id='word_1_312' title='bbox 1660 4134 1727 4186; x_wconf 86' lang='grc' dir='ltr'><strong>Α.</strong></span> <span class='ocrx_word' id='word_1_313' title='bbox 1749 4136 1811 4187; x_wconf 85' lang='lat' dir='ltr'><strong>C.</strong></span> <span class='ocrx_word' id='word_1_314' title='bbox 1834 4140 1950 4186; x_wconf 73' lang='lat'><strong>224.</strong></span> <span class='ocrx_word' id='word_1_315' title='bbox 2103 4139 2237 4187; x_wconf 73' lang='lat' dir='ltr'><strong>dm.</strong></span> <span class='ocrx_word' id='word_1_316' title='bbox 2300 4139 2405 4189; x_wconf 88' lang='lat' dir='ltr'><strong>Sed</strong></span> <span class='ocrx_word' id='word_1_317' title='bbox 2434 4140 2627 4191; x_wconf 70' lang='lat' dir='ltr'><strong>Padum</strong></span> <span class='ocrx_word' id='word_1_318' title='bbox 2650 4156 2803 4191; x_wconf 83' lang='lat' dir='ltr'><strong>nuum</strong></span> <span class='ocrx_word' id='word_1_319' title='bbox 2840 4150 2925 4191; x_wconf 79' lang='lat' dir='ltr'><strong>est</strong></span> <span class='ocrx_word' id='word_1_320' title='bbox 2954 4157 3025 4193; x_wconf 82' lang='lat' dir='ltr'><strong>ex</strong></span> 
     </span>
     <span class='ocr_line' id='line_1_55' title="bbox 1192 4199 3023 4267; baseline 0.006 -19"><span class='ocrx_word' id='word_1_321' title='bbox 1192 4208 1220 4233; x_wconf 82' lang='lat'><strong>¹⁸</strong></span> <span class='ocrx_word' id='word_1_322' title='bbox 1253 4203 1318 4249; x_wconf 85' lang='grc' dir='ltr'><strong>Α.</strong></span> <span class='ocrx_word' id='word_1_323' title='bbox 1343 4202 1409 4251; x_wconf 88' lang='lat' dir='ltr'><strong>U.</strong></span> <span class='ocrx_word' id='word_1_324' title='bbox 1434 4201 1496 4251; x_wconf 90' lang='lat' dir='ltr'><strong>C.</strong></span> <span class='ocrx_word' id='word_1_325' title='bbox 1517 4204 1631 4250; x_wconf 83' lang='grc'><strong>529.</strong></span> <span class='ocrx_word' id='word_1_326' title='bbox 1667 4199 1734 4250; x_wconf 85' lang='grc' dir='ltr'><strong>Α.</strong></span> <span class='ocrx_word' id='word_1_327' title='bbox 1757 4202 1814 4251; x_wconf 90' lang='lat' dir='ltr'><strong>C.</strong></span> <span class='ocrx_word' id='word_1_328' title='bbox 1834 4206 1949 4253; x_wconf 78' lang='lat'><strong>228.</strong></span> <span class='ocrx_word' id='word_1_329' title='bbox 2105 4204 2251 4253; x_wconf 88' lang='lat' dir='ltr'><strong>ostiis</strong></span> <span class='ocrx_word' id='word_1_330' title='bbox 2274 4204 2429 4262; x_wconf 82' lang='lat' dir='ltr'><strong>Padi,</strong></span> <span class='ocrx_word' id='word_1_331' title='bbox 2455 4206 2633 4267; x_wconf 85' lang='lat' dir='ltr'><strong>procul</strong></span> <span class='ocrx_word' id='word_1_332' title='bbox 2658 4204 2723 4256; x_wconf 78' lang='lat' dir='ltr'><strong>ab</strong></span> <span class='ocrx_word' id='word_1_333' title='bbox 2747 4206 3023 4259; x_wconf 79' lang='lat' dir='ltr'><strong>Insubrum</strong></span> 
     </span>
     <span class='ocr_line' id='line_1_56' title="bbox 1191 4266 3022 4335; baseline 0.006 -21"><span class='ocrx_word' id='word_1_334' title='bbox 1191 4273 1220 4297; x_wconf 78' lang='lat'><em>⁸</em></span> <span class='ocrx_word' id='word_1_335' title='bbox 1254 4266 1558 4330; x_wconf 68' lang='lat' dir='ltr'><strong>Quafluvius</strong></span> <span class='ocrx_word' id='word_1_336' title='bbox 1573 4267 1745 4316; x_wconf 71' lang='lat' dir='ltr'><strong>Addua</strong></span> <span class='ocrx_word' id='word_1_337' title='bbox 1762 4267 1897 4316; x_wconf 75' lang='lat' dir='ltr'><strong>Pado</strong></span> <span class='ocrx_word' id='word_1_338' title='bbox 1910 4282 2034 4318; x_wconf 73' lang='lat' dir='ltr'><strong>cm·</strong></span> <span class='ocrx_word' id='word_1_339' title='bbox 2104 4269 2333 4333; x_wconf 66' lang='lat' dir='ltr'><strong>regione.</strong></span> <span class='ocrx_word' id='word_1_340' title='bbox 2398 4270 2642 4335; x_wconf 81' lang='lat' dir='ltr'><strong>Polybius</strong></span> <span class='ocrx_word' id='word_1_341' title='bbox 2666 4271 2827 4322; x_wconf 79' lang='lat' dir='ltr'><strong>babet</strong></span> <span class='ocrx_word' id='word_1_342' title='bbox 2858 4272 3022 4325; x_wconf 73' lang='grc' dir='ltr'><strong>Ἀδόα.</strong></span> 
     </span>
     <span class='ocr_line' id='line_1_57' title="bbox 1121 4329 2941 4400; baseline 0.004 -21"><span class='ocrx_word' id='word_1_343' title='bbox 1121 4329 1367 4396; x_wconf 66' lang='lat' dir='ltr'><strong>mittitur]</strong></span> <span class='ocrx_word' id='word_1_344' title='bbox 1393 4332 1655 4397; x_wconf 78' lang='lat' dir='ltr'><strong>Insignem</strong></span> <span class='ocrx_word' id='word_1_345' title='bbox 1672 4331 1793 4384; x_wconf 83' lang='lat' dir='ltr'><strong>hinc</strong></span> <span class='ocrx_word' id='word_1_346' title='bbox 1807 4346 2035 4387; x_wconf 83' lang='lat' dir='ltr'><strong>errorem</strong></span> <span class='ocrx_word' id='word_1_347' title='bbox 2106 4338 2163 4385; x_wconf 85' lang='lat' dir='ltr'><strong>et</strong></span> <span class='ocrx_word' id='word_1_348' title='bbox 2180 4334 2257 4386; x_wconf 86' lang='lat' dir='ltr'><strong>sic</strong></span> <span class='ocrx_word' id='word_1_349' title='bbox 2282 4336 2515 4400; x_wconf 80' lang='lat' dir='ltr'><strong>postulat</strong></span> <span class='ocrx_word' id='word_1_350' title='bbox 2537 4338 2771 4389; x_wconf 87' lang='lat' dir='ltr'><strong>locorum</strong></span> <span class='ocrx_word' id='word_1_351' title='bbox 2791 4337 2941 4389; x_wconf 82' lang='lat' dir='ltr'><strong>situs.</strong></span> 
     </span>
    </p>
   </div>
  </div>
 </body>
</html>
