3300 5225
1010 579 1153 628 mn.
1202 547 1442 628 xxm'.
1488 577 1651 628 car.
1697 562 1804 628 11.
2331 559 2506 627 1905

304 719 441 786 lum
478 721 733 787 adisset
762 721 829 786 et
855 740 991 786 rem
1032 721 1327 788 divinam
1374 722 1679 804 fecisset,
1713 723 1813 789 ita
1845 727 2236 788 coronatum
2278 723 2504 790 navim

306 824 688 902 ascendere,
715 844 843 890 nec
874 832 1027 890 ante
1058 825 1395 911 deponere
1418 847 1590 907 eam,
1617 847 1816 913 quam
1849 825 2140 892 Romam
2171 824 2510 910 pervenis-

306 934 435 991 set.
523 927 639 1006 Se,
672 945 1118 1012 quaecumque
1161 929 1495 1014 imperata
1534 929 1685 1006 sint,
1716 948 1866 994 cum
1897 947 2156 993 summa
2195 927 2506 1012 religione

310 1047 392 1094 ac
424 1029 773 1113 diligentia
818 1036 1213 1112 executum3
1262 1049 1575 1097 coronam
1608 1029 1852 1096 Romae
1882 1031 1950 1096 in
1983 1029 2210 1096 aram²
2239 1029 2300 1094 A
2310 1029 2508 1114 polli-

305 1133 413 1196 nis
442 1130 883 1216 deposuisse.’
970 1133 1259 1197 Senatus
1311 1131 1636 1211 decrevit,
1665 1143 1744 1198 ut
1782 1153 1885 1199 eae
1927 1151 2036 1198 res
2077 1129 2322 1197 divinae
2352 1149 2514 1216 sup-

306 1233 851 1318 plicationesque
906 1235 1126 1318 primo
1177 1255 1447 1321 quoque
1493 1242 1788 1320 tempore
1843 1255 1993 1301 cum
2051 1255 2212 1300 cura
2261 1235 2510 1302 fierent.

310 1337 493 1402 Dum
522 1337 669 1403 haec
700 1336 943 1402 Romae
964 1345 984 1384 ³
1019 1346 1224 1424 atque
1273 1338 1341 1402 in
1384 1336 1588 1404 Italia
1617 1343 1952 1422 geruntur,
1981 1337 2253 1403 nuntius
2296 1337 2512 1405 victo-

308 1439 431 1506 riae
472 1438 562 1505 ad
596 1437 863 1505 Cannas
905 1438 1371 1524 Carthaginem
1407 1447 1686 1506 venerat
1723 1438 1935 1523 Mago
1981 1440 2390 1505 Hamilcaris
2433 1439 2511 1504 fi-

308 1541 479 1625 lius;
522 1562 656 1608 non
685 1561 771 1606 ex
800 1543 958 1627 ipsa
987 1543 1131 1608 acie
1162 1563 1205 1608 a
1230 1543 1429 1609 fratre
1456 1543 1728 1621 missus,
1760 1543 1878 1608 sed
1918 1550 2220 1608 retentus
2251 1544 2515 1629 aliquot

311 1645 457 1712 dies
486 1644 558 1711 in
583 1645 987 1730 recipiendis
1034 1646 1420 1712 civitatibus
1452 1647 1886 1724 Bruttiorum,
1927 1663 2210 1731 quaeque
2240 1644 2512 1713 deficie-

308 1749 523 1814 hante
607 1747 701 1826 Is,
732 1768 883 1814 cum
914 1750 979 1813 ei
1009 1753 1286 1814 senatus
1330 1749 1528 1814 datus
1558 1754 1759 1828 esset,
1793 1769 1903 1814 res
1931 1753 2158 1833 gestas
2197 1749 2266 1813 in
2311 1749 2516 1815 Italia

310 1869 353 1914 a
380 1850 581 1915 fratre
609 1852 893 1936 exponit
914 1871 931 1917 ε
951 1859 975 1898 ⁵
1022 1856 1044 1886 ‘
1074 1850 1239 1916 Cum
1274 1871 1401 1918 sex
1431 1851 1989 1936 imperatoribus?
2027 1870 2202 1932 eum,
2236 1871 2514 1937 quorum

310 1957 593 2038 quatuor
620 1952 987 2033 consuleS‚⁶
1018 1955 1153 2020 duo
1203 1955 1493 2021 dictator
1544 1973 1627 2020 ac
1672 1955 1987 2038 magister
2025 1955 2328 2040 equitum
2373 1953 2514 2020 sue-

310 2055 470 2135 rint,
493 2077 644 2122 cnm
670 2076 796 2123 sex
820 2057 1287 2124 consularibus
1317 2057 1724 2124 exercitibus
1757 2057 1904 2123 acie
1925 2057 2356 2124 conflixisse:
2401 2077 2517 2124 oc-

316 2159 571 2225 cidisse
610 2179 815 2246 supra
858 2159 1143 2226 ducenta
1188 2159 1398 2226 millia
1435 2159 1758 2227 hostium:
1806 2179 2009 2246 supra
2040 2162 2519 2246 quinquaginta

314 2263 527 2328 millia
554 2265 838 2347 cepisse.
926 2261 1035 2328 Ex
1068 2270 1359 2349 quatuor
1398 2263 1785 2329 consulibus
1814 2263 1984 2328 duos
2015 2264 2384 2346 occidisse3
2427 2283 2517 2330 ex

316 2364 583 2432 duobus
642 2364 941 2430 saucium
993 2365 1297 2446 alterum,
1342 2364 1651 2444 alterum,
1699 2370 1842 2431 toto
1893 2367 2198 2432 exercitu
2242 2367 2518 2447 amisse,

314 2469 436 2535 vix
496 2487 649 2534 cum
704 2468 1183 2553 quinquaginta
1240 2468 1626 2534 hominibus
1679 2467 2015 2552 effugisse.
2121 2467 2520 2552 Magistrum

314 2571 634 2658 equitum,
666 2589 821 2657 quse
850 2570 1225 2639 consularis
1243 2579 1269 2622 ⁷
1301 2575 1605 2657 potestas
1634 2569 1772 2651 εἰς*
1803 2569 2028 2637 fusum
2057 2571 2522 2658 fugatumque:

1240 2754 1600 2779 ”OOOOOOOOOO

321 2891 476 2943 etiam
512 2902 545 2939 a
577 2888 683 2939 Ma.
704 2886 972 2939 cantabr!
1004 2888 1309 2953 Rapum—2
1344 2887 1409 2937 In
1428 2902 1517 2937 ara
1539 2884 1678 2939 Eud.
1714 2892 1847 2939 ante·
1861 2886 2196 2939 etatem—e
2229 2886 2394 2937 ‘Dum
2423 2887 2527 2940 hae

324 2957 492 3005 Romoe
530 2962 635 3005 eet.
668 2954 753 3003 liic
788 2954 991 3004 initium
1030 2956 1151 3004 novi
1192 2952 1380 3017 capitis
1418 2960 1534 3002 erat
1571 2950 1906 3003 faciendum-³
1940 2953 2242 3017 Regma—4
2279 2952 2403 3008 ῥεια
2423 2952 2524 3015 des.

320 3020 457 3071 Edd.
482 3026 601 3069 ante
634 3018 957 3069 Groneia-5
994 3018 1080 3069 Al.
1116 3018 1449 3081 exponite—6
1483 3024 1496 3047 ⁶
1522 3017 1675 3071 Quod
1705 3020 1816 3081 jam
1855 3018 1943 3068 alii
1977 3025 2239 3075 notarunt,
2273 3017 2527 3081 suspicari

320 3086 489 3149 possis
510 3100 524 3134 ε
560 3087 682 3134 Cam
702 3090 879 3147 neptem
898 3084 1259 3148 imperatoribus
1295 3096 1418 3140 em,
1450 3090 1647 3147 qnorum
1669 3084 1870 3147 quinque
1893 3084 2119 3145 conules,
2141 3083 2233 3147 (P.
2257 3082 2528 3149 Cornelius

320 3151 518 3215 Scipio,
537 3150 622 3199 Ti.
646 3150 995 3212 Sempronius,
1019 3150 1080 3199 C.
1103 3148 1403 3209 Flaminius,
1424 3148 1483 3197 L.
1505 3147 1742 3199 AEmilina
1769 3149 2001 3205 Paullus.
2023 3149 2082 3197 C.
2103 3148 2380 3198 Terentius
2401 3148 2529 3199 Var-

314 3215 426 3280 ro.)
444 3218 535 3265 duo
550 3215 757 3265 dictator
776 3230 833 3266 ne
848 3230 974 3277 mag.
993 3228 1067 3278 eq.
1076 3212 1285 3275 fuerint,
1301 3213 1397 3279 (Q.
1425 3211 1613 3263 Fabius
1633 3221 1688 3263 et
1705 3213 1781 3262 Μ.
1801 3212 2106 3271 Minucius.)
2122 3227 2228 3261 eum
2245 3226 2335 3261 sex
2347 3212 2532 3278 (immo

322 3282 557 3343 pluribus
600 3280 924 3330 consularibus
942 3278 1244 3329 exercitio-u.
1261 3313 1300 3329 ..
1316 3310 1332 3327 .
1359 3278 1439 3328 Ex
1469 3278 1673 3344 quinque
1692 3278 1956 3329 emathia
1977 3280 2092 3327 daos
2111 3276 2446 3341 (Flaminium
2477 3289 2533 3329 et

323 3283 591 3409 Paullnmg
606 3346 848 3408 occidisse,
865 3360 928 3394 ex
940 3344 1115 3393 duabu
1129 3344 1340 3394 sancium
1358 3346 1580 3403 mam,
1591 3342 1962 3409 (Scipionem,)
1977 3345 2179 3393 alterum
2195 3340 2532 3408 (Varronem)

324 3416 425 3461 tolo
442 3411 655 3461 exercitu
677 3418 781 3460 cet.
848 3408 949 3458 Sed
974 3410 1064 3458 illa
1083 3424 1144 3458 ex
1164 3409 1364 3473 quinque
1383 3408 1650 3459 comtibus
1673 3422 1774 3458 uon
1808 3409 1934 3458 satis
1967 3408 2284 3457 conveniunt
2314 3423 2533 3473 sequen·

325 3476 491 3536 tibus,
524 3482 577 3525 et
600 3476 685 3524 vix
708 3472 997 3539 probabile,
1030 3488 1208 3523 omnes
1229 3473 1463 3522 librarios
1488 3470 1555 3521 ad
1592 3488 1767 3523 veram
1805 3472 2080 3523 lectionem
2118 3472 2274 3522 toties
2305 3488 2533 3523 corrum-

326 3540 552 3606 pendam
588 3540 929 3602 conspirasse.
994 3536 1123 3589 Quis
1160 3551 1283 3588 vero
1321 3537 1418 3589 sibi
1454 3536 1788 3601 persuadeat,
1815 3538 2016 3588 Livium
2050 3544 2156 3587 tam
2182 3538 2404 3599 turpiter
2427 3538 2534 3590 labi

326 3606 583 3673 potuine,
610 3611 668 3657 et
708 3606 986 3669 Magonem
1016 3605 1248 3655 elevasse
1273 3603 1446 3668 potins
1470 3616 1598 3670 rem,
1631 3618 1786 3669 quam
1826 3601 2230 3670 amplificasse?
2264 3602 2536 3668 Rupert—

1322 3763 1373 3815 N
1375 3762 1537 3816 0⁹1·AE

391 3876 419 3913 ι»
452 3868 573 3917 Cum
610 3880 699 3917 sex
738 3861 1123 3929 imperatoribus]
1176 3861 1393 3927 Septem
1472 3866 1822 3928 exaequatum.
1876 3858 2100 3911 Videtur
2122 3858 2295 3923 itaque
2319 3854 2539 3907 omissus

329 3951 600 3997 enumerat
618 3942 940 3995 Glareanus:
965 3953 1152 4003 nempe
1170 3940 1395 4004 quinque
1472 3956 1504 3989 a
1540 3939 1765 3991 librariis
1811 3936 1984 4002 potins
2024 3950 2176 4001 quam
2219 3947 2250 3983 a
2292 3933 2542 3997 Magone,

330 4022 590 4083 consules,
610 4020 676 4071 P.
700 4018 1017 4083 Scipionem,
1039 4017 1127 4067 Ti.
1151 4016 1395 4081 Sempro·
1476 4023 1566 4066 ant
1599 4016 1747 4065 Livio
1783 4012 1916 4077 ipso.
1947 4008 2303 4076 Sempronius,
2345 4008 2434 4074 qul
2472 4005 2540 4057 ad

330 4102 495 4162 nium,
538 4099 599 4149 C.
641 4095 971 4157 Flaminium,
1020 4094 1080 4145 Ia.
1139 4094 1397 4145 AEmllinm
1474 4090 1713 4142 Trebiam
1737 4089 1917 4141 victus.

330 4176 594 4231 Paullum,
639 4174 700 4223 C.
739 4171 1043 4222 Terentium
1076 4168 1397 4233 Varronem3
1554 4176 1581 4213 «ι
1617 4168 1739 4225 Qua
1779 4163 2038 4217 consularis
2076 4165 2289 4227 potestas
2328 4158 2420 4225 sit]
2476 4158 2541 4210 Id

330 4266 548 4320 quorum
571 4250 743 4301 dunin
768 4250 881 4300 acie
896 4246 1264 4310 occubuerant,
1281 4246 1401 4297 Fla·
1476 4256 1579 4295 non
1602 4254 1968 4310 usquequaque
2007 4251 2218 4288 verum:
2252 4243 2365 4287 erat
2405 4234 2544 4285 enim

332 4329 518 4378 minius
542 4333 597 4377 et
616 4326 847 4377 AEmillus
870 4324 1106 4374 Paullus.
1170 4322 1399 4372 Praeter·
1478 4320 1725 4385 magister
1761 4317 1990 4382 equitnm
2028 4310 2244 4377 imperio
2270 4311 2544 4363 dictatoris

336 4420 399 4457 ea
436 4405 506 4458 Q.
527 4404 744 4455 Fabium
774 4402 1088 4453 dictatorem
1118 4404 1173 4450 et
1195 4398 1273 4449 M.
1296 4398 1401 4449 Ml·
1478 4396 1751 4449 obnoxius.
1815 4392 1924 4445 Sed
1953 4392 2020 4442 de
2051 4388 2304 4452 Minucio,
2340 4390 2428 4455 qni
2453 4403 2546 4451 po·

335 4482 545 4535 nuciam
602 4478 897 4547 magistrum
950 4476 1185 4544 equitum
1240 4472 1401 4527 Fabio
1480 4480 1678 4527 testate
1698 4470 1860 4524 Fabio
1881 4476 2116 4537 equetus
2137 4472 2291 4519 extra
2310 4464 2548 4517 ordinem
