3300 5225
707 431 882 500 1984
1640 447 1709 494 τ.
1758 411 1952 495 mim

773 589 1126 640 decernuntur
1161 587 1457 652 provincia.
1523 587 1701 637 Multa
1722 585 1957 652 prodigia
1987 585 2291 638 nuntiantur
2324 597 2773 653 procuranturque
2792 586 2911 637 lios-

775 668 865 717 tiis
897 667 1175 736 majoribus
1206 673 1264 716 et
1299 666 1683 731 supplicatione
1719 666 1957 717 omuibus
1992 667 2128 726 Diis,
2162 681 2379 732 quorum
2414 667 2706 730 pulvinaria
2728 667 2911 716 Roma

776 754 916 806 sunt,
937 748 1158 799 indicta.
1225 751 1307 798 11.
1341 749 1599 798 Numerus
1633 760 1797 798 xvur.
1820 748 2079 812 legionum
2114 754 2170 799 et
2201 749 2382 799 classis
2404 760 2487 799 cr..
2518 748 2783 812 longarum
2818 762 2913 798 na·

777 830 915 894 vium
936 828 1198 895 expletur,
1217 828 1444 894 sociique
1465 827 1677 878 navales
1698 836 1951 895 parantur
1974 827 2221 892 impensis
2242 829 2582 893 privatorum.
2650 830 2730 878 12.
2760 827 2913 878 Han-

775 911 918 962 nibal
951 911 1182 976 Capuam
1220 907 1390 959 firmat
1421 909 1689 974 presidiis,
1720 914 1778 959 et
1808 922 1925 959 cum
1957 917 2135 960 cetero
2158 911 2397 960 exercitu
2421 909 2489 960 ad
2520 910 2688 960 laeum
2712 906 2915 958 Averni

775 991 1050 1043 descendit
1067 1005 1162 1055 per
1193 991 1421 1055 speciem
1455 989 1801 1048 sacrificandi,
1824 1005 1882 1040 re
1916 991 2031 1056 ipsa
2062 999 2121 1042 ut
2144 998 2317 1042 tentet
2338 991 2607 1042 Puteolos.
2676 993 2757 1040 12.
2790 989 2914 1040 Hoc

777 1072 1025 1138 oppidum
1047 1071 1240 1122 frustra
1259 1079 1546 1136 oppugnat,
1565 1079 1620 1122 et
1642 1071 1763 1122 inde
1788 1071 2023 1138 procedit
2036 1071 2103 1121 ud
2118 1072 2488 1136 opprimendas
2504 1072 2691 1122 Nolam
2709 1070 2915 1121 Taren·

781 1165 1016 1220 tumque,
1039 1167 1254 1218 quarum
1279 1152 1479 1203 urbium
1506 1152 1874 1203 tradendarum
1898 1153 2058 1217 legati
2076 1169 2105 1202 a
2132 1153 2287 1217 plebe
2308 1153 2454 1203 missi
2474 1159 2671 1203 certam
2696 1152 2747 1202 ei
2768 1166 2919 1217 apem

775 1236 1025 1287 fecerant.
1093 1238 1173 1284 1⁴.
1208 1232 1293 1283 Ad
1335 1233 1695 1285 Beneventum
1736 1233 1927 1284 Hanno
1967 1249 2035 1285 ex
2074 1235 2297 1286 Bruttiis
2340 1241 2398 1284 et
2427 1233 2516 1284 Ti.
2554 1233 2823 1284 Gracchus
2845 1232 2917 1283 ab

780 1317 1002 1369 Luceria
1036 1315 1257 1365 accedit.
1323 1314 1428 1364 Hic
1453 1314 1620 1378 primo
1642 1314 1889 1380 oppidum
1926 1315 2105 1377 intrat,
2126 1324 2184 1367 et
2209 1313 2479 1366 volonibus
2502 1313 2697 1366 acriter
2718 1328 2916 1378 pugna-

781 1398 910 1449 turis
934 1396 1191 1462 promittit
1213 1395 1530 1446 libertatem.
1599 1401 1681 1446 15.
1708 1401 1789 1448 16.
1828 1397 2050 1447 Postero
2080 1397 2169 1470 die
2189 1399 2295 1448 ueri
2328 1411 2505 1463 pugna
2522 1397 2697 1447 hostes
2732 1397 2920 1459 vincit,

781 1492 1062 1543 omnesque
1083 1478 1310 1533 volones,
1343 1493 1458 1542 qum
1481 1493 1669 1542 magna
1692 1479 1955 1530 exercitus
1978 1493 2097 1542 pars
2120 1487 2219 1536 est,
2254 1477 2443 1528 liberos
2466 1491 2581 1528 esse
2594 1478 2767 1543 jubet.
2836 1481 2917 1526 17.

779 1560 1058 1612 Marcellus
1080 1558 1284 1610 obviam
1319 1559 1359 1611 it
1399 1559 1703 1618 Hannibali,
1728 1561 1793 1611 ad
1818 1561 2001 1611 Nolam
2036 1567 2205 1612 castra
2238 1561 2490 1623 moventi,
2510 1567 2568 1610 et
2600 1557 2920 1610 reddidisset

780 1638 919 1691 forte
941 1641 991 1690 ei
1023 1639 1226 1690 cladem
1260 1640 1324 1691 ad
1359 1641 1562 1691 Cannas
1594 1648 1885 1706 acceptam,
1908 1643 1951 1690 si
1986 1639 2048 1692 C.
2079 1640 2330 1691 Claudius
2362 1640 2531 1702 Nero,
2564 1653 2719 1704 quem
2754 1647 2919 1688 noctu

783 1721 1096 1773 circumvehi
1119 1735 1300 1784 agmen
1323 1721 1545 1772 hostium
1570 1737 1688 1772 cum
1722 1721 1909 1772 robore
1942 1721 2176 1786 equitnm
2200 1720 2453 1785 jusserat,
2474 1719 2657 1784 prulio
2684 1717 2923 1770 affuisset

783 1802 836 1852 iu
861 1811 1113 1865 tempore.
1183 1804 1264 1850 18.
1296 1802 1526 1851 Censura
1559 1816 1741 1852 severe
1764 1807 2043 1852 exercetur
2076 1802 2251 1852 Rome
2274 1816 2305 1852 a
2329 1801 2406 1852 M.
2444 1799 2609 1851 Atilio
2634 1799 2841 1865 Regulo
2860 1808 2921 1852 et

781 1883 849 1933 Ρ.
869 1884 1024 1934 Furio
1059 1881 1229 1945 Philo,
1249 1883 1527 1947 inopiaque
1567 1883 1736 1933 aerarii
1771 1882 2059 1933 sustinetur
2092 1882 2409 1933 liberalitate
2432 1883 2767 1946 privatorum.
2838 1887 2927 1936 1⁹.

787 1964 1068 2016 Casilinum
1107 1963 1176 2013 ab
1207 1970 1428 2027 utroque
1463 1965 1671 2014 consule
1709 1970 2043 2027 oppugnatur
2081 1962 2404 2028 capiturque.
2468 1966 2553 2013 2⁰.
2598 1963 2663 2012 In
2700 1963 2923 2014 uenis

785 2046 996 2109 aliquot.
1013 2043 1272 2104 cohortes,
1292 2059 1323 2093 a
1345 2043 1587 2093 Graccho
1611 2045 1898 2107 praedatum
1919 2044 2089 2094 misam
2108 2043 2161 2092 in
2181 2058 2333 2110 agros
2353 2043 2599 2100 hostium,
2613 2043 2679 2094 ab
2702 2043 2923 2095 Hanno-

783 2141 850 2176 ne
873 2124 939 2175 ad
963 2123 1373 2174 internecionem
1410 2123 1705 2174 coeduntur.
1770 2125 2055 2174 Marcellus
2080 2125 2269 2176 Nolam
2294 2124 2449 2182 redit,
2473 2133 2528 2174 et
2552 2125 2746 2175 Fabius
2766 2133 2925 2190 pater

787 2212 962 2258 vastat
981 2205 1261 2263 Samnium,
1299 2205 1450 2271 filius,
1473 2205 1562 2269 qui
1601 2209 1802 2269 praetor
1833 2215 1935 2268 est,
1966 2203 2195 2256 Accuam
2226 2207 2391 2271 capit.
2458 2206 2721 2258 Hannibal
2742 2214 2925 2259 autem

785 2287 982 2338 frustra
1005 2293 1179 2337 tentat
1199 2286 1508 2349 Tarentum,
1531 2301 1687 2350 quum
1710 2286 1789 2337 M.
1814 2287 1989 2338 Livius
2012 2294 2210 2350 tuetur,
2236 2294 2294 2338 et
2316 2287 2439 2338 inde
2459 2289 2602 2338 venit
2630 2287 2926 2352 Salapiai-3

791 2369 926 2419 uude
951 2368 1238 2433 predatum
1263 2367 1516 2417 Numidas
1539 2367 1857 2433 Maurosque
1880 2382 1974 2432 per
1992 2367 2335 2420 Sallentinum
2356 2383 2535 2434 agrum
2560 2368 2926 2434 proximosque

790 2447 996 2513 Apulia
1018 2449 1179 2498 saltus
1201 2447 1442 2498 dimittit.

719 2533 803 2580 21.
837 2529 1060 2580 Interim
1079 2529 1350 2593 Syracusis
1372 2527 1779 2580 Andranodorus
1802 2528 2031 2580 Insula·
2054 2535 2112 2580 et
2134 2543 2309 2580 arcem
2330 2535 2591 2594 occupat3
2622 2529 2925 2582 Theodotus

789 2617 974 2661 contra
996 2625 1058 2659 ac
1079 2609 1220 2660 Sosis
1241 2624 1419 2659 omnes
1458 2609 1522 2659 ad
1561 2603 1861 2660 libertatem
1900 2619 2057 2676 atque
2080 2625 2216 2661 arma
2240 2620 2447 2667 vocant.
2511 2616 2597 2663 22.
2629 2611 2927 2663 Concordia

789 2692 1081 2742 restituitur
1113 2690 1277 2741 libera
1309 2698 1364 2741 et
1399 2690 1667 2740 moderata
1687 2691 1936 2740 concione
1960 2691 2215 2757 Polyoeui‚
2234 2706 2337 2757 quo
2354 2698 2570 2743 auctore
2590 2692 2751 2757 legati
2774 2694 2923 2756 prius

788 2771 856 2822 ad
879 2770 1312 2823 Andrauodorum
1347 2772 1647 2833 mittuntur,
1682 2773 1769 2837 qui
1804 2772 2134 2830 denuntient,
2170 2780 2228 2823 ut
2258 2773 2311 2823 in
2346 2780 2609 2837 potestate
2630 2780 2842 2823 senatus
2862 2788 2930 2825 ae

790 2853 971 2917 populi
1000 2854 1103 2903 sit:
1139 2854 1286 2917 isque
1327 2853 1376 2901 in
1413 2852 1697 2916 prasentia
1736 2853 1957 2916 tempori
1990 2853 2152 2904 cedit.
2218 2856 2303 2903 23.
2354 2852 2621 2903 Ρωιοῐοι
2656 2853 2927 2917 Syn-semis

790 2940 1055 2995 creantur,
1078 2934 1131 2983 in
1159 2933 1336 2999 primia
1360 2931 1769 2985 Andrunodorus
1790 2940 1849 2982 et
1870 2930 2235 2984 interfectores
2264 2932 2490 2998 tyranni,
2524 2932 2631 2983 dno
2650 2933 2811 2982 etiam
2836 2932 2928 2983 ab·

790 3021 988 3075 sentes,
1007 3015 1233 3081 Sopater
1255 3028 1317 3064 ac
1343 3014 1675 3063 Dinomenes.
1741 3012 2101 3077 Hippocrates
2123 3023 2180 3064 et
2214 3013 2498 3079 Epicydes,
2529 3012 2817 3078 Syracusas
2845 3026 2929 3062 re-

794 3094 951 3159 versi,
970 3094 1213 3145 simulant
1235 3093 1443 3159 quidem
1477 3108 1534 3143 se
1557 3093 1727 3143 redire
1751 3093 1887 3143 velle
1909 3096 1973 3143 ad
1998 3094 2364 3151 Hannibalem,
2386 3108 2453 3144 ne
2486 3093 2718 3158 suspecti
2740 3093 2932 3144 obver-

789 3183 994 3241 sentur,
1014 3183 1258 3241 tanquam
1297 3187 1468 3224 rerum
1491 3174 1845 3224 novandarum
1880 3176 2205 3225 occasionem
2244 3181 2565 3240 querenten
2596 3173 2691 3225 aed
2724 3188 2933 3225 moran-

796 3264 881 3306 tur
916 3263 976 3306 et
1010 3256 1225 3306 crimina
1259 3261 1442 3306 serunt
1475 3255 1528 3303 iu
1567 3262 1805 3305 senatum
1841 3256 2241 3321 optimatesque.
2306 3260 2389 3305 2⁴.
2436 3253 2862 3317 Andranodorua,
2897 3269 2935 3307 a

795 3336 1077 3388 Damarata
1091 3351 1252 3387 uxore
1272 3336 1569 3401 instigatus,
1591 3334 1811 3387 affectat
1834 3336 2185 3400 tyrannidem,
2205 3345 2262 3388 et
2286 3351 2393 3387 rem
2408 3351 2527 3389 cum
2541 3336 2827 3391 Themisto,
2842 3338 2933 3389 cui

795 3418 1082 3468 Harmonia
1101 3417 1316 3468 Gelonis
1338 3416 1446 3467 filia
1468 3425 1648 3480 nupta,
1670 3416 2020 3467 consociatum
2055 3418 2287 3469 Aristoni
2310 3418 2517 3469 cuidam
2540 3418 2739 3482 tragico
2760 3420 2937 3469 actori

794 3499 1004 3548 incaute
1026 3497 1215 3561 aperit.
1279 3497 1335 3547 1s
1367 3496 1616 3547 indicium
1637 3498 1703 3548 ad
1738 3504 1992 3563 pretores
2014 3497 2209 3563 defert,
2230 3499 2319 3566 qui
2344 3499 2777 3551 Andranodorum
2796 3500 2935 3550 Tbe-

793 3579 1110 3644 mistumque
1141 3578 1334 3628 curiam
1373 3578 1630 3642 ingressos
1664 3578 2002 3629 interficiunt.
2066 3584 2153 3631 2⁵.
2200 3578 2409 3643 Sopatri
2432 3580 2672 3645 pretoris
2692 3580 2937 3632 oratioue

795 3660 1015 3711 incitate
1036 3658 1315 3709 multitudo
1334 3671 1535 3708 omnem
1561 3660 1758 3723 regiam
1783 3660 2000 3724 stirpem
2022 3660 2189 3711 deleri
2204 3660 2381 3725 jubet.
2430 3659 2563 3711 Tum
2580 3661 2721 3711 missi
2743 3677 2776 3712 a
2798 3676 2937 3726 pm·

799 3740 996 3792 toribus
1022 3740 1353 3791 Damaratam
1378 3740 1598 3804 primum
1621 3750 1680 3792 et
1718 3741 2057 3792 Harmoniam
2081 3742 2363 3807 jugulant3
2409 3746 2495 3793 26.
2528 3741 2721 3792 deinde
2756 3742 2937 3793 Heru-

793 3823 977 3885 cleum,
996 3822 1206 3888 Zoippi,
1225 3822 1440 3888 quitum
1456 3820 1791 3874 Alexandria
1813 3823 1954 3887 apud
1978 3824 2321 3875 Ptolemaenm
2344 3837 2523 3887 regem
2540 3830 2675 3886 erut,
2696 3837 2941 3888 uxoren,

801 3918 918 3954 cum
957 3902 1156 3954 duabus
1178 3901 1403 3965 filiabus,
1426 3917 1544 3966 quae
1567 3903 1778 3955 armatis
1804 3904 2080 3970 aliquoties
2103 3919 2161 3955 ae
2194 3904 2444 3969 eripiunt,
2466 3902 2797 3968 tandemque,
2822 3906 2941 3955 vul·

797 3984 1010 4034 neribus
1047 3980 1323 4041 confecta,
1355 3984 1621 4035 exanimes
1659 3994 1925 4037 corruunt.
1992 3984 2237 4036 Caedibus
2272 3992 2447 4035 auten
2472 3984 2559 4035 vix
2595 3986 2943 4050 perpetratis,

798 4063 954 4115 animi
977 4065 1145 4129 plebis
1167 4072 1388 4129 repente
1411 4073 1681 4116 mutantur
1703 4067 1769 4116 ad
1802 4066 2211 4116 misericordiam
2233 4066 2485 4131 iramque,
2503 4074 2561 4116 et
2580 4066 2793 4115 comitia
2816 4080 2941 4130 poa-

796 4154 990 4196 cuutur
1011 4146 1288 4211 pretoria:
1336 4150 1420 4197 27.
1455 4147 1642 4212 quibus
1664 4148 1717 4197 iu
1740 4148 1906 4199 locum
1931 4146 2297 4199 Andranodori
2320 4160 2383 4197 ac
2401 4146 2649 4197 'niemisti
2672 4146 2943 4210 Epicydea

801 4234 856 4277 et
879 4227 1230 4292 Hippocrates
1261 4236 1525 4279 creantur.
1591 4230 1699 4280 Per
1718 4228 1927 4281 eoadem
1951 4228 2065 4280 dies
2088 4228 2389 4285 Marcellus,
2410 4226 2497 4277 cui
2520 4226 2702 4277 Sicilia
2722 4226 2943 4291 provin.

799 4308 884 4361 cia
915 4309 1148 4367 decreta,
1180 4308 1235 4360 in
1258 4323 1372 4361 eam
1411 4311 1572 4375 venit,
1594 4318 1653 4363 et
1688 4311 1881 4377 legatos
1903 4312 1971 4362 de
2004 4324 2136 4376 pace
2168 4309 2331 4362 mittit
2362 4309 2661 4376 Syracusas·
2726 4306 2941 4373 Appius
