3300 5225
775 475 952 544 2014
1674 487 1745 536 τ.
1790 487 1981 538 mvn

777 641 952 705 inter
967 657 1044 703 se
1059 635 1627 721 gratulantesque,
1635 651 1815 700 nune
1832 653 2070 700 manus
2080 631 2167 699 ad
2180 633 2429 700 coelum
2446 633 2781 714 tollentes,
2798 635 2979 706 bona

777 740 1004 807 omnia
1031 739 1280 824 populo
1311 738 1622 804 Romano
1656 735 2102 821 Gracchoque
2145 737 2281 820 ipsi
2321 745 2789 821 precarentur3
2834 749 2979 806 tum

779 843 1135 910 Gracchus
1159 861 1178 908 x
1201 846 1220 877 ‘
1240 840 1639 925 Priusquam
1660 858 1895 904 omues
1918 837 2071 923 jure
2090 839 2418 904 libertatis
2440 839 2864 924 aequassem?
2882 843 2982 904 in-

779 946 946 1030 quit,
971 949 992 980 ‘
1011 943 1340 1010 neminem
1359 950 1522 1007 nota
1540 943 1791 1007 strenui
1814 949 1932 1007 aut
1952 942 2177 1026 ignavi
2208 942 2441 1008 militis
2470 949 2745 1008 notasse
2765 943 2977 1010 volui.

780 1047 1007 1125 Nunc,
1039 1046 1350 1111 exsoluta
1369 1043 1516 1130 jam
1557 1043 1689 1110 fide
1718 1044 2019 1128 publica,
2050 1062 2135 1108 ne
2166 1042 2524 1110 discrimen
2545 1064 2742 1110 omne
2774 1047 2980 1112 virtu-

775 1150 870 1216 tis
897 1147 1314 1234 ignaviaeque
1343 1154 1602 1231 pereat,
1631 1146 1899 1211 nomina
1929 1165 2179 1222 eorum,
2214 1146 2357 1231 qui,
2397 1145 2779 1214 detractatae
2808 1168 2979 1232 pug-

777 1272 888 1318 nae
935 1270 1289 1328 memores,
1321 1250 1770 1315 secessionem
1818 1250 2023 1334 paulo
2076 1257 2231 1314 aute
2279 1248 2600 1329 fecerunt,
2630 1250 2859 1316 referri
2886 1251 2979 1320 ad

776 1375 886 1420 me
927 1355 1223 1440 Jubebo:
1267 1353 1651 1436 citatosque
1690 1351 1987 1434 singulos
2022 1351 2177 1437 jure
2206 1351 2497 1436 jurando
2526 1353 2817 1436 adigam,
2846 1355 2980 1420 nisi

780 1458 977 1541 queis
1027 1457 1304 1522 morbus
1345 1475 1556 1522 causa
1602 1456 1744 1531 erit,
1772 1443 1925 1519 nou'
1950 1454 2161 1532 aliter,
2190 1474 2391 1539 quarn
2439 1463 2722 1536 stanteS,
2752 1456 2977 1522 cibum

776 1558 1314 1645 potionemque,⁸
1337 1567 1364 1596 ⁸
1421 1557 1654 1643 quoad
1713 1557 2049 1642 stipendia
2099 1557 2371 1636 facient,
2422 1565 2747 1644 capturos
2802 1579 2977 1624 esse.

779 1661 984 1728 Hanc
1018 1662 1332 1728 mulctam
1365 1662 1460 1727 ita
1489 1680 1693 1746 aequo
1726 1662 1949 1726 animo
1977 1659 2231 1738 feretis,
2262 1661 2321 1725 si
2350 1662 2763 1746 reputabitiS,
2790 1661 2979 1728 nulla

777 1765 1066 1848 ignaviae
1097 1773 1263 1829 nota
1290 1763 1546 1828 leviore
1575 1781 1699 1827 vos
1728 1762 2061 1845 designari
2083 1763 2435 1854 potuisse?
2478 1762 2755 1846 Signum
2784 1763 2979 1828 dein-

779 1867 868 1932 de
920 1867 1282 1950 colligendi
1331 1885 1505 1932 vasa
1550 1865 1783 1931 dedit:
1845 1865 2231 1950 militesque
2282 1865 2579 1949 praedam
2630 1873 2978 1951 portantes

777 1975 1207 2054 agentesque,
1254 1989 1378 2055 per
1417 1969 1767 2034 lasciviam
1818 1987 1901 2032 ac
1946 1965 2205 2052 jocum,
2252 1969 2349 2032 ita
2375 1967 2729 2034 ludibundi
2758 1969 2979 2034 Bene-

777 2077 1042 2138 ventum
1071 2073 1350 2152 rediere,
1379 2079 1459 2136 ut
1489 2073 1577 2136 ab
1609 2071 1832 2154 epulis
1855 2079 2018 2155 per⁹
2046 2069 2371 2136 celebrem
2394 2072 2775 2155 festumque
2798 2070 2978 2138 diem

781 2173 985 2254 actis,
1014 2194 1144 2242 non
1174 2194 1264 2241 ex
1293 2175 1463 2254 acie,
1493 2175 1735 2240 reverti
1767 2173 2167 2238 viderentur.
2252 2174 2709 2239 Beneventani
2742 2192 2977 2240 omnes

779 2277 980 2343 turba
1024 2277 1238 2344 effusa
1290 2297 1440 2343 cum
1493 2278 1763 2343 obviam
1812 2275 1898 2341 ad
1944 2283 2179 2361 portas
2234 2275 2563 2356 exissent,
2612 2277 2979 2362 complecti

779 2380 1052 2459 militeS,
1079 2380 1419 2464 gratulari,
1452 2399 1693 2445 vocare
1723 2380 1793 2444 in
1822 2380 2216 2464 hospitium.
2286 2377 2641 2464 Apparata
2667 2380 2981 2445 convivia

782 2483 1102 2548 omnibus
1134 2484 1204 2549 iu
1244 2483 1610 2568 propatulo
1658 2483 1907 2548 aedium
1955 2482 2255 2547 fueraut:
2300 2481 2389 2547 ad
2440 2501 2525 2547 ea
2570 2483 2975 2561 invitabant,

779 2584 1294 2671 Gracchumque
1323 2587 1627 2665 orabant,
1658 2591 1731 2651 ut
1760 2585 2017 2671 epulari
2045 2585 2452 2670 permitteret
2471 2585 2825 2651 militibus.
2890 2585 2978 2653 Et

780 2687 1136 2755 Gracchus
1186 2691 1280 2756 ita
1333 2690 1655 2774 permisit,
1706 2690 1774 2754 in
1821 2690 2099 2775 publico
2139 2688 2573 2774 epularentur
2594 2688 2622 2727 ¹³
2670 2698 2979 2756 omnes.¹⁰

781 2790 966 2859 Ante
1017 2812 1175 2857 suas
1225 2792 1607 2877 quibusque
1648 2791 1822 2857 fores
1873 2793 2140 2876 prolata
2182 2792 2432 2857 omnia.
2520 2790 2807 2859 Pileati‘
2854 2802 2979 2861 aut

779 2892 937 2959 lana
985 2895 1144 2960 alba
1173 2893 1412 2960 velatis
1441 2891 1827 2980 capitibus¹³
1869 2895 2157 2961 volones
2192 2894 2446 2980 epulati
2488 2899 2675 2976 sunt;
2718 2895 2835 2961 alii
2864 2915 2980 2961 ac-

781 2998 1160 3074 cubantes:
1187 2996 1308 3062 alii
1351 3004 1635 3077 stantes,
1680 2998 1801 3082 qui
1846 2997 2049 3062 simul
2092 2998 2556 3064 ministrabant
2604 2998 2978 3065 vesceban-

1696 3191 2055 3213 ‘euenum

1005 3340 1200 3391 mquam
1201 3329 1302 3376 —8
1334 3325 1419 3377 ΑΙ.
1452 3330 1636 3376 umes
1662 3324 1815 3375 eibum
1824 3329 2107 3403 pemque.
2108 3329 2209 3376 -9
2238 3327 2343 3378 Per
2360 3326 2515 3379 abent
2533 3328 2601 3381 ab
2619 3326 2757 3381 ΕΜ.
2770 3336 2905 3383 vett.
2922 3338 2981 3383 et

778 3392 910 3441 Mas.
931 3392 1206 3459 plerisque.
1207 3396 1339 3443 —10
1373 3391 1526 3442 Melit
1545 3392 1721 3455 Sigon.
1754 3390 1836 3441 si·
1816 3404 1871 3439 ιιι
1886 3390 2072 3455 publico
2090 3405 2133 3442 e.
2154 3406 2200 3441 ο.

1776 3568 1993 3621 NOTAE

841 3694 868 3723 ⁸
897 3686 1110 3743 Sturum,
1126 3684 1281 3735 eibum
1299 3686 1642 3753 potionemque]
1676 3687 1840 3738 Poeua
1918 3686 2126 3738 omniuo
2146 3692 2298 3737 extra
2316 3686 2477 3751 edes,
2497 3690 2619 3739 dnn
2636 3692 2685 3740 la
2704 3706 2811 3743 m.

777 3764 891 3814 hoc
933 3777 1024 3813 seu
1067 3763 1350 3826 ignominia
1394 3763 1619 3813 rnilitum
1674 3764 1839 3813 miuus
1981 3770 2005 3798 Φ
2034 3762 2245 3828 Pae-ti]
2278 3763 2483 3830 Utpote
2500 3765 2745 3819 libertate
2768 3769 2983 3833 publice

775 3848 1102 3891 strenuorum
1125 3840 1262 3890 inter
1283 3838 1597 3892 levissimus
1631 3854 1700 3890 ne
1720 3854 1837 3890 cum
1918 3838 2101 3890 donati
2142 3854 2176 3889 a
2211 3840 2491 3892 Graccho:
2535 3851 2617 3894 est
2656 3844 2794 3895 euim
2825 3847 2985 3909 pile-u

775 3918 985 3980 reliquis
1021 3916 1088 3968 de
1110 3931 1252 3969 more
1273 3918 1642 3969 accumbentes
1664 3917 1837 3970 cibum
1917 3913 2174 3966 libertatis
2210 3914 2419 3980 adeptu
2456 3925 2601 3976 notu.
2639 3920 2775 3985 quod
2814 3925 2983 3987 capiti

776 4003 1044 4059 caperent.
1916 4004 2119 4055 eorum,
2134 3992 2222 4057 qui
2246 3993 2760 4062 manumittebantur,
2780 3996 2985 4064 imponi

839 4071 866 4107 b
899 4072 961 4123 In
985 4071 1172 4137 publico
1203 4070 1528 4137 epularentur]
1572 4070 1638 4121 In
1675 4069 1841 4135 publi·
1917 4067 2130 4131 soleret,
2152 4074 2211 4117 ut
2232 4067 2449 4119 cullibet
2468 4076 2669 4121 notum·

778 4164 862 4211 co,
881 4155 938 4200 et
960 4149 1014 4197 iu
1035 4149 1326 4213 propatulo,
1349 4156 1430 4199 est
1455 4150 1622 4213 palam
1638 4158 1695 4201 et
1716 4150 1835 4201 loco
1980 4144 2006 4179 ‘¹
2037 4143 2143 4194 Ant
2182 4146 2295 4195 1⁰8⁸
2340 4144 2450 4196 ὥσ
2498 4148 2670 4199 uldin
2716 4150 2981 4219 meib-2]

777 4234 994 4291 aperto:
1039 4224 1128 4275 sed
1163 4224 1304 4274 aliud
1343 4231 1427 4274 est
1461 4224 1513 4274 in
1557 4226 1835 4289 propatulo
1916 4219 2159 4272 Amicum
2188 4220 2392 4274 scillcet
2421 4234 2489 4274 ex
2508 4237 2677 4289 ptum
2700 4226 2851 4280 laneo
2874 4230 2983 4281 albi

780 4302 989 4363 aedium,
1012 4299 1149 4350 aliud
1180 4299 1234 4348 in
1262 4298 1503 4363 puhlico;
1531 4298 1657 4349 illud
1681 4300 1838 4365 signi·
1914 4298 2125 4349 coloris.

779 4378 904 4429 fleat
933 4377 987 4427 in
1016 4376 1371 4435 atrimdmla
1399 4390 1546 4438 coar-,-
1579 4375 1677 4428 hoc
1713 4391 1838 4428 vero
1981 4384 2004 4412 ⁸
2040 4374 2151 4427 Alii
2187 4376 2491 4443 acmes]
2524 4378 2631 4433 Qui
2667 4386 2885 4435 strenue
2920 4398 2981 4435 se
