3300 5225
767 535 942 604 1618
1730 550 1798 601 τ.
1850 549 2034 599 mvn

1101 693 1302 758 Gallis
1342 695 1546 776 utique
1573 693 1837 776 coepisse,
1864 695 2223 773 conjecturoe
2260 689 2477 774 potius,
2520 709 2700 772 quam
2738 690 2999 752 historiae

1097 803 1206 865 est,
1233 793 1412 854 nullis
1436 793 1539 874 qui
1563 801 1730 872 gesta
1753 811 1827 852 ea
1848 791 1995 851 satis
2018 799 2293 851 accurate
2316 789 2575 852 doceant
2598 808 2677 849 ex
2700 797 3000 850 vetustate

767 895 1071 962 Uv.Ep.xx.
1095 891 1336 972 reliquis
1358 890 1757 972 scriptoribus.
1842 887 1922 949 Id
1948 908 2127 948 unum
2162 896 2414 958 constat,
2452 887 2515 946 in
2544 885 2802 946 Umbria
2838 885 2999 968 Spo-

769 962 1074 1078 νέιὼμ·
1095 985 1280 1048 letum
1324 987 1622 1048 coloniam
1666 985 1943 1047 Latinam
1988 1005 2113 1045 esse
2155 984 2493 1046 deductam.
2579 981 2677 1043 De
2718 984 2998 1064 proximo

767 1042 924 1143 Ballio
937 1045 1070 1146 «¹:³31.
1093 1105 1328 1166 quoque
1371 1093 1565 1145 anno*
1603 1083 1919 1166 proclivius
1966 1092 2060 1144 est
2096 1081 2313 1153 dicere,
2360 1100 2570 1164 pacem
2622 1100 2739 1140 non
2791 1080 2997 1154 fuisse,

1092 1182 1254 1262 quod
1277 1181 1422 1242 Jani
1457 1182 1747 1263 templum
1770 1181 2035 1242 clausum
2078 1199 2195 1241 non
2223 1189 2336 1251 est,
2357 1198 2539 1258 quam
2572 1177 2837 1238 indicare
2862 1179 2997 1259 qui-

1092 1278 1204 1340 bus
1228 1280 1286 1339 in
1313 1279 1486 1350 locis,
1512 1298 1707 1359 quave
1722 1278 1960 1338 fortuna
1982 1276 2273 1338 bellatum
2292 1278 2403 1337 sit:
2446 1294 2637 1355 neque
2662 1272 2789 1335 ulla
2810 1275 2997 1336 ferme

1089 1397 1154 1436 re
1179 1377 1376 1438 notior
1397 1385 1488 1436 est
1509 1375 1584 1436 C.
1615 1373 1876 1435 Mamilii
1904 1373 1989 1441 Q.
2034 1373 2106 1434 F.
2133 1373 2217 1441 Q.
2256 1373 2346 1434 N.
2372 1372 2603 1444 Tutini,
2632 1371 2717 1438 Q.
2756 1371 2996 1433 Valerii

765 1459 1066 1578 ‘Cil‘gssmm-
1094 1473 1178 1540 Q.
1205 1473 1279 1533 F.
1307 1473 1391 1534 P.
1429 1472 1522 1533 N.
1567 1471 1837 1533 Faltonis
1876 1471 2237 1542 consulatus,
2283 1491 2465 1552 quam
2511 1471 2673 1552 quod
2720 1489 2879 1530 anno
2916 1489 2997 1531 eo

796 1559 810 1576 ’
901 1560 916 1576 ⁰
1091 1579 1263 1631 natus
1287 1580 1377 1631 est
1404 1569 1653 1640 Ennius,
1692 1569 1915 1650 primus
1948 1568 2108 1650 apud
2137 1567 2445 1630 Romanos
2472 1571 2836 1650 poeticarum
2868 1567 2993 1628 ele-

1091 1669 1418 1747 gantiarum
1449 1666 1739 1729 conditor.
1826 1665 1946 1726 Sed
1986 1686 2143 1726 anno
2166 1674 2495 1747 sequente:
2531 1686 2669 1727 cum
2692 1666 2791 1727 Ti.
2820 1665 2995 1726 Sem·

1090 1767 1328 1846 pronius
1353 1764 1449 1826 Ti.
1479 1763 1550 1824 F.
1589 1763 1707 1824 Cn.
1756 1761 1849 1824 N.
1892 1762 2221 1834 Gracchus,
2251 1763 2334 1824 P.
2362 1763 2647 1824 Valerius
2687 1765 2771 1832 Q.
2803 1763 2877 1823 F.
2906 1762 2992 1823 P.

1093 1861 1186 1922 N.
1225 1861 1425 1934 Falto,
1453 1861 1723 1922 consules
1758 1870 1973 1932 essent,
2000 1871 2063 1922 et
2089 1859 2334 1922 Gallica
2357 1861 2521 1921 bella
2546 1860 2993 1931 recruduerant,

763 1973 1064 2040 liv.Ep.xx.
1089 1967 1154 2020 et
1177 1980 1363 2020 novus
1386 1959 1571 2020 hostis
1596 1958 1837 2038 Ligures
1863 1967 1987 2019 tum
2026 1959 2279 2040 primum
2322 1960 2589 2020 exercitu
2630 1960 2803 2042 petiti
2834 1967 2995 2018 sunt.

764 2071 936 2125 Zona.
1087 2054 1186 2118 Ti.
1215 2057 1562 2137 Sempronio
1589 2057 1721 2117 haec
1738 2056 1979 2116 obvenit
2001 2055 2329 2137 provincia.

765 2169 1066 2224 emaum.
1170 2159 1230 2214 3.
1273 2153 1355 2214 Ρ.
1395 2153 1679 2214 Valerius
1720 2151 1935 2213 Gallos
1988 2173 2290 2232 aggressus
2340 2154 2591 2234 primum
2634 2154 2995 2237 improspere

1088 2251 1395 2331 pugnavit,
1423 2251 1648 2312 amissis
1671 2250 1923 2311 militum
1954 2251 2141 2310 tribus
2160 2250 2423 2310 millibus
2438 2253 2799 2331 quingentis.
2856 2251 2993 2314 Re-

1089 2348 1276 2428 petita
1303 2368 1502 2430 pugna
1517 2347 1803 2408 illustrem
1826 2348 2133 2408 victoriam
2156 2347 2345 2418 dedit,
2366 2368 2487 2428 qua
2511 2347 2831 2411 Gallorum
2856 2351 2997 2411 mil-

1088 2442 1173 2505 lia
1202 2445 1650 2526 quatuordecim
1697 2465 1853 2506 caesa
1892 2454 2049 2518 sunt,
2088 2444 2211 2506 duo
2251 2445 2439 2506 millia
2477 2455 2676 2528 capta.
2760 2445 2886 2509 Sed
2910 2449 2997 2509 ob

1087 2543 1294 2625 prioris
1319 2542 1510 2626 praelii
1535 2534 1910 2616 detrimenta,
1956 2553 2202 2623 negatus
2242 2551 2333 2603 est
2366 2543 2593 2604 consuli
2624 2545 2993 2627 triumphus:

1085 2642 1408 2721 praesertim
1435 2661 1570 2702 cum
1607 2642 1789 2701 etiam
1826 2640 2050 2721 alioqui
2085 2660 2177 2701 res
2215 2642 2365 2701 bene
2407 2649 2574 2721 gesta
2614 2662 2733 2703 non
2760 2652 2885 2703 tam
2910 2643 2993 2704 ad

1084 2738 1371 2798 rationem
1397 2738 1825 2819 consiliumque
1851 2738 2132 2810 consulis,
2158 2758 2337 2818 quam
2360 2738 2439 2797 ad
2466 2738 2763 2800 fortunam
2792 2739 2993 2821 publi-

761 2843 931 2894 zomr.
1084 2854 1220 2913 cam
1243 2834 1550 2896 referenda
1583 2835 1899 2897 videretur.
1986 2836 2102 2897 Ille
2128 2837 2306 2907 enim,
2336 2835 2539 2897 audito
2566 2846 2701 2919 post
2735 2838 2993 2919 primum

1084 2942 1380 2993 certamen
1423 2932 1650 2994 auxilia
1698 2934 1809 2994 sibi
1858 2934 1937 2993 ab
1983 2934 2125 2993 urbe
2168 2932 2407 3005 adduci,
2454 2933 2833 2996 confirmavit
2888 2944 2907 2972 ‘
2924 2954 2992 2996 se

1085 3030 1266 3091 malle
1292 3050 1428 3091 cum
1455 3031 1574 3090 suis
1621 3031 2019 3091 internecione
2043 3030 2249 3102 deleri,
2276 3052 2455 3111 quam
2494 3031 2693 3094 aliena
2716 3054 2832 3116 ope
2856 3033 2991 3095 vin·

1083 3146 1216 3188 cere
1241 3128 1288 3187 :'
1332 3136 1510 3209 atque
1538 3128 1650 3189 hoe
1674 3137 1848 3189 oestro
1874 3129 2205 3208 instigatus,
2240 3148 2419 3209 seque
2447 3138 2510 3189 et
2532 3132 2855 3192 exercitum
2883 3152 2994 3214 po—

1085 3225 1213 3306 puli
1254 3223 1518 3285 Romani
1545 3225 1604 3284 in
1627 3225 1940 3286 discrimen
1981 3224 2165 3286 dedit.
2252 3225 2477 3287 Melior
2514 3226 2859 3309 feliciorque
2882 3228 2985 3291 Ti.

1091 3319 1374 3383 Graccho
1397 3323 1457 3381 in
1487 3322 1801 3401 Liguribus
1826 3323 2256 3383 administratio
2286 3323 2432 3383 belli
2464 3323 2616 3384 fuit:
2660 3322 2993 3405 profligatis

1089 3418 1246 3478 enim
1274 3417 1480 3500 praelio
1504 3420 1793 3493 hostibus,
1829 3440 2102 3501 magnam
2133 3420 2386 3499 Liguriae
2410 3430 2639 3502 partem
2672 3422 2862 3483 victor
2886 3442 2995 3504 po-

1089 3510 1326 3597 pulatus
1350 3526 1458 3577 est.
1542 3516 1642 3578 Ex
1687 3517 1929 3597 Liguria
1950 3516 2163 3578 deinde
2202 3518 2525 3579 transmisit
2552 3520 2613 3579 in
2646 3516 2990 3581 Sardiniam

771 3628 1061 3681 munimen.
1087 3620 1152 3673 et
1181 3612 1484 3675 Corsicam
1491 3658 1509 3687 ,
1549 3634 1883 3696 magnaque
1914 3613 2051 3675 inde
2078 3615 2446 3697 captivorum
2484 3615 2869 3678 multitudine
2896 3636 2991 3677 re-

757 3695 1062 3812 2:222?ssss
1087 3720 1342 3791 portata,
1387 3712 1584 3773 locum
1625 3712 1941 3793 proverbio
1974 3711 2162 3785 dedit,
2214 3733 2333 3794 quo
2386 3712 2561 3774 Sardi
2604 3713 2849 3776 venales
2890 3714 2989 3775 di-

757 3826 808 3876 di
831 3824 1062 3877 venales?
1088 3816 1320 3880 cuntur,
1349 3809 1408 3868 in
1431 3808 1739 3870 fastidiosa
1764 3830 1951 3870 rerum
1968 3810 2177 3871 vilium
2202 3812 2397 3892 copia.

1165 3912 1226 3966 4.
1293 3906 1598 3979 Ceterum,
1641 3916 1709 3967 ut
1752 3927 1897 3969 vera
1936 3906 2246 3980 fateamur,
2286 3906 2653 3989 occupanda
2692 3906 2991 3971 Sardinia

1085 4000 1462 4084 Corsicaeque
1504 4003 1665 4063 bona
1705 4006 1894 4084 magis
1938 4006 2173 4065 occasio
2206 4006 2567 4087 temporibus
2612 4006 2762 4079 istis,
2804 4028 2993 4090 quam

754 4118 1054 4186 pomum,
1070 4101 1242 4180 justa
1263 4120 1446 4161 causa
1469 4100 1663 4161 affuit.
1750 4100 2265 4181 Carthaginienses
2290 4112 2424 4183 post
2462 4120 2673 4184 pacem
2716 4102 2989 4169 Siculam

755 4216 1060 4286 Polybus.
1081 4198 1246 4277 gravi
1287 4196 1446 4258 bello
1485 4218 1620 4258 cum
1664 4200 2041 4259 mercenariis
2082 4200 2203 4259 suis
2248 4199 2555 4281 implicati,
2604 4200 2685 4261 ad
2718 4212 2990 4267 extrema

1080 4293 1344 4377 pericula
1369 4305 1673 4359 venerant.
1735 4294 1919 4356 Unde
1944 4296 2151 4357 sumtis
2169 4298 2381 4358 animis
2408 4297 2755 4360 conductitii
2782 4321 2987 4364 eorum

1145 4463 1167 4493 V
1203 4454 1266 4507 Α.
1289 4456 1357 4508 U.
1376 4456 1438 4509 C.
1459 4460 1575 4507 51³.
1606 4456 1673 4511 A·
1696 4456 1757 4509 C.
1778 4460 1893 4507 2³⁹.
2054 4464 2074 4491 ³
2108 4455 2177 4507 Α.
2198 4458 2265 4509 U.
2289 4456 2351 4510 C.
2374 4462 2488 4511 su.
2520 4458 2588 4511 Α.
2612 4459 2675 4513 C.
2692 4464 2808 4513 2⁸8.
