3300 5225
1203 193 1352 242 mn.
1417 190 1644 241 xx1v.
2340 172 2517 241 1985

385 352 510 390 vero
531 338 752 389 classem
771 349 822 387 c.
845 336 1051 386 uarium
1074 335 1142 388 ad
1165 338 1352 387 ostium
1377 342 1558 400 portus
1589 334 1905 401 Syracusani
1928 335 2189 386 admovet.
2243 339 2328 386 28.
2352 334 2515 401 Apol-

385 419 592 470 lonides
613 418 900 481 principum
927 431 1056 467 nnus
1080 417 1298 469 salutari
1321 418 1556 468 oratione
1579 418 1786 483 suadet,
1810 422 1867 467 nt
1889 432 1993 468 uno
2014 418 2185 468 animo
2217 432 2395 468 omues
2420 418 2516 481 Sy-

383 498 627 551 racusani
649 498 734 549 vel
757 498 822 547 ad
847 496 1036 548 Poenos
1059 499 1143 547 vel
1177 496 1240 547 ad
1267 494 1520 548 Romanos
1553 496 1823 553 inclinent,
1845 504 1904 547 et
1922 512 2039 547 cnm
2063 498 2139 547 liis
2163 499 2335 561 potius
2369 505 2519 547 vetus

385 587 672 631 renovetur
703 577 893 642 scedas,
929 578 1052 643 qnia
1084 580 1350 643 extemplo
1382 584 1474 628 ant
1509 592 1629 643 pax,
1649 585 1743 628 aut
1764 577 1951 627 bellum
1978 593 2095 627 cum
2122 579 2183 627 iis
2206 578 2518 629 babendum.

386 663 522 713 Quae
547 674 634 710 res
655 673 800 724 saepe
835 659 1010 724 agitur
1043 658 1242 723 magnis
1279 657 1673 721 certaminibus,
1692 666 1747 708 et
1784 664 2046 722 postremo
2072 673 2253 723 pacem
2274 672 2391 710 cum
2414 657 2517 707 Ro·

387 742 552 791 manis
573 740 688 790 fieri
719 740 914 804 placet.
977 743 1060 789 20.
1090 740 1168 789 Ea
1203 753 1321 788 mox
1346 739 1603 802 rumpitur
1626 738 1691 788 ab
1722 738 2069 803 Hippocrate,
2088 740 2175 805 qui
2197 754 2313 790 cum
2337 739 2518 804 prasi·

387 821 476 871 dio
501 821 780 871 Leontinos
801 820 984 870 missus
1007 820 1324 886 provinciam
1347 820 1500 870 Rom.
1539 818 1789 872 infestat:
1826 828 1879 869 et
1918 821 2168 871 Marcello
2203 822 2269 870 de
2298 819 2519 884 perfidia

388 909 663 966 querente,
681 898 943 965 Epicydes
967 910 1022 952 et
1053 900 1165 963 ipse
1205 900 1258 949 in
1286 900 1566 950 Leontinos
1603 900 1973 965 proficiscitur,
1995 916 2186 966 eosque
2209 902 2467 952 abalienat
2490 917 2520 951 a

389 980 750 1046 Syracusanis.
813 982 897 1029 80.
931 979 1074 1031 Hinc
1103 987 1163 1030 et
1183 980 1466 1031 Marcellus
1501 989 1558 1031 et
1587 981 1903 1045 Syracusani
1924 983 2213 1032 exercitum
2238 983 2519 1033 Leontinos
2626 978 2637 998 ¹

391 1061 610 1111 ducunt.
679 1060 780 1112 Ille
803 1060 968 1125 primo
989 1060 1186 1126 impetu
1219 1061 1399 1111 urbem
1423 1068 1727 1125 expugnat3
1761 1060 1815 1111 hi
1838 1061 2159 1113 Herbessnm
2181 1060 2523 1125 contendunt,

391 1156 494 1205 quo
541 1140 894 1207 Hippocrates
926 1148 1084 1207 atque
1119 1141 1380 1206 Epicydes
1423 1140 1779 1207 perfugerant.
1843 1146 1927 1194 st.
1982 1143 2084 1195 Qui
2132 1151 2305 1193 tamen
2348 1142 2523 1193 callidi

389 1224 582 1275 fratres
599 1223 786 1276 fraude
807 1232 863 1275 et
882 1224 1020 1275 fictis
1042 1225 1241 1276 nuntiis
1263 1227 1478 1290 primum
1500 1241 1682 1291 agmen
1704 1228 1758 1276 in
1790 1227 1967 1286 duces,
2001 1227 2189 1278 deinde
2216 1227 2419 1290 plebem
2442 1226 2523 1290 ip·

389 1319 608 1371 samque
627 1312 864 1357 senatum
895 1308 1143 1371 Syracus.
1172 1306 1464 1357 accendunt
1486 1308 1538 1357 iu
1565 1308 1843 1359 Romanos.
1908 1312 1992 1359 82.
2027 1310 2289 1359 Pretores
2322 1304 2524 1358 interfl-

393 1387 622 1451 cinntur,
643 1396 712 1445 et,
733 1390 788 1438 in
825 1390 993 1439 locum
1029 1402 1210 1439 eorum
1245 1395 1490 1439 creantur
1527 1388 1879 1453 Hippocrates
1917 1397 2075 1455 atque
2089 1388 2377 1456 Epicydes.
2442 1391 2527 1439 88.

393 1468 540 1519 Hinc
560 1469 844 1520 Marcellus
867 1477 1039 1519 castra
1062 1469 1128 1520 ad
1150 1469 1435 1534 Syracusas
1473 1477 1666 1527 movet,
1704 1478 1761 1520 et
1798 1472 1983 1535 legatis
2011 1471 2123 1535 ejus
2158 1485 2275 1520 cum
2297 1468 2525 1533 superbo

393 1549 646 1615 Epicydis
668 1564 918 1615 responso
941 1550 1184 1607 remissis,
1226 1558 1368 1600 terra
1406 1552 1644 1616 marique
1680 1552 1833 1601 xsimul
1872 1552 1998 1603 urbs
2030 1559 2383 1620 oppugnatur.
2444 1554 2529 1601 84.

395 1631 534 1683 Qum
559 1634 884 1697 oppugnatio
915 1632 1146 1683 eluditur
1177 1632 1376 1683 bellicis
1412 1634 1687 1683 tormentis
1726 1633 2087 1698 operibusque,
2112 1632 2178 1683 ab
2215 1630 2529 1683 Archimede

391 1712 639 1765 inventis.
707 1716 790 1763 88.
820 1713 1012 1778 Itaque
1045 1714 1332 1763 Marcellus
1365 1712 1607 1764 obsidere
1645 1712 1827 1764 urbem
1864 1714 2073 1777 statuit,
2108 1720 2165 1764 et
2187 1713 2360 1763 vicina
2384 1714 2529 1777 capit

393 1794 612 1858 oppida,
628 1809 746 1859 qum
783 1794 848 1845 ad
891 1796 1087 1845 Poenos
1119 1794 1460 1845 desciverant.
1524 1796 1631 1846 Per
1658 1794 1798 1846 idem
1836 1810 1958 1845 vero
1982 1802 2189 1859 tempus
2212 1794 2441 1844 Himilco
2463 1792 2531 1842 ad

396 1874 704 1925 Heracleam
725 1876 958 1926 Minoam
981 1876 1268 1927 exercitum
1288 1880 1469 1927 28000.
1500 1876 2015 1941 hominnm‘espouit,
2037 1880 2351 1941 receptoque
2375 1872 2531 1937 Agri-

397 1962 556 2019 gento
579 1963 753 2006 castra
773 1958 914 2007 circa
938 1958 1159 2007 Acrillas
1183 1958 1365 2023 ponit3
1411 1958 1502 2007 ubi
1524 1958 1705 2008 decem
1726 1958 1886 2008 millia
1910 1959 2370 2023 Syracusanorum,
2391 1955 2531 2005 duce

399 2035 730 2101 Hippocrate
753 2046 912 2088 noctu
935 2037 1064 2088 urbe
1087 2052 1314 2103 egressa,
1337 2054 1394 2088 se
1415 2040 1466 2089 ei
1499 2040 1840 2105 conjungunt.
1906 2044 1989 2089 86.
2022 2038 2153 2089 Mox
2186 2046 2243 2089 et
2270 2037 2531 2087 Bomilcar

399 2132 516 2167 cum
556 2119 718 2168 classe
742 2117 794 2168 in
835 2132 1078 2183 magnum
1112 2120 1483 2184 Syracusarum
1509 2129 1733 2185 portum,
1754 2128 1809 2170 et
1844 2121 1981 2185 legio
2004 2120 2260 2182 Romana,
2285 2116 2531 2167 Panormi

399 2197 657 2261 exposita.
686 2199 751 2250 ad
774 2198 1004 2263 Appium
1041 2202 1300 2264 pervenit.
1359 2199 1468 2252 Sed
1503 2202 1671 2265 Poeni,
1697 2210 1865 2251 tutum
1888 2201 1956 2250 ad
1982 2202 2267 2265 Syracusas
2289 2206 2345 2249 et
2368 2198 2537 2248 muni·

399 2287 578 2329 mento
609 2286 666 2330 et
698 2280 894 2330 viribus
928 2281 1131 2331 bostem
1156 2296 1272 2331 esse
1303 2289 1596 2337 cernentes.
1625 2296 1871 2347 moraque
1894 2282 2065 2331 inutili
2088 2280 2155 2330 ab
2178 2280 2281 2330 sais
2302 2280 2531 2343 inopiam

399 2362 672 2427 aggravari
705 2361 980 2425 sociorum,
1007 2362 1136 2413 nibil
1173 2364 1388 2425 audent,
1411 2371 1469 2414 et
1497 2363 1761 2414 Bomilcar
1788 2364 1841 2413 in
1873 2361 2105 2413 Africam
2130 2362 2284 2423 redit,
2305 2360 2534 2411 Himilco

399 2443 754 2507 Murgantiam
779 2442 1148 2507 proficiscitur.
1214 2447 1300 2495 87.
1332 2444 1466 2495 Huc
1499 2452 1554 2495 et
1577 2444 1692 2495 aliae
1728 2443 1970 2495 civitates
1991 2444 2057 2494 de
2083 2444 2377 2507 proditione
2399 2456 2536 2506 proe·

401 2524 649 2575 sidiorum
685 2523 837 2574 Rom.
871 2524 1208 2587 paciscuntur
1242 2540 1360 2575 cum
1386 2524 1594 2585 Ponis3
1629 2525 1683 2574 iu
1708 2524 1771 2575 iis
1793 2532 1850 2574 et
1872 2524 2078 2587 Henna,
2100 2523 2185 2574 ubi
2211 2524 2269 2574 1..
2291 2522 2536 2573 Pinarius

402 2607 484 2656 vir
515 2619 638 2656 acer
669 2603 912 2669 presidio
954 2611 1168 2671 praest.
1232 2608 1316 2657 88.
1353 2610 1436 2657 89.
1471 2606 1528 2658 Is
1561 2606 1710 2660 coesis
1754 2604 2124 2658 Hennensibus
2161 2604 2411 2671 oppidum
2444 2610 2536 2654 aut

402 2687 536 2738 malo
560 2691 653 2736 aut
669 2686 964 2737 necessario
986 2684 1218 2738 facinore
1241 2687 1451 2739 retinet.

335 2774 422 2822 40.
455 2767 662 2818 Bellum
697 2781 814 2818 cum
837 2767 1084 2834 Philippo
1108 2767 1456 2820 Macedonum
1491 2781 1618 2834 rege
1651 2774 1908 2819 movetur.
1972 2768 2051 2818 Μ.
2074 2766 2315 2818 Valerius
2342 2772 2537 2831 pretor

406 2851 644 2907 Oricum,
664 2847 732 2899 ab
753 2863 818 2899 eo
839 2857 1216 2914 expugnatum,
1235 2851 1424 2916 recipit
1443 2865 1459 2912 3
1493 2858 1550 2901 et
1573 2849 1638 2902 Q.
1662 2851 1879 2901 Naevius
1902 2848 2077 2899 Crista
2100 2846 2439 2913 Apolloniam,
2469 2845 2537 2896 ab

404 2931 592 2982 eodem
616 2929 898 2987 obsessam,
927 2929 1139 2991 liberat,
1169 2929 1544 2981 Macedonibus
1577 2940 1737 2982 noctu
1769 2929 2033 2996 oppressis
2064 2927 2399 2995 fugatisque:
2436 2940 2539 2993 qno

405 3011 554 3063 facto
575 3023 670 3062 rex
693 3010 906 3062 terrain
925 3011 1284 3061 Macedoniam
1311 3011 1612 3062 revertitur.

293 3094 306 3104 “
335 3096 424 3144 41.
457 3092 522 3143 In
545 3091 804 3156 Hispania
830 3091 1105 3157 Scipiones
1135 3091 1382 3143 adversus
1416 3093 1701 3158 Magonem
1724 3097 1781 3142 et
1802 3090 2161 3142 Hasdrubales
2184 3103 2439 3156 prospere
2462 3103 2544 3140 res

409 3181 617 3238 gerunt,
651 3179 708 3222 et
744 3171 1006 3234 Illiturgin
1044 3173 1422 3242 Bigerramque
1453 3175 1666 3226 solvunt
1698 3173 1992 3224 obsidione.
2066 3177 2149 3224 42.
2190 3173 2293 3222 Ter
2328 3171 2544 3222 vincunt

411 3255 634 3314 Poenos3
664 3253 953 3318 Saguntum
973 3254 1251 3318 recipiunt,
1274 3265 1330 3306 et
1349 3255 1677 3307 Turdetanos
1700 3255 1945 3320 redigunt
1966 3254 2018 3304 in
2040 3259 2373 3320 potestatem.

341 3339 430 3388 48.
467 3337 644 3386 Roma
669 3335 968 3386 censoribus
1004 3351 1035 3386 a
1073 3337 1134 3388 L.
1167 3339 1386 3390 Metello
1421 3340 1546 3390 trib.
1581 3340 1656 3405 pl.
1688 3338 1801 3389 dies
1825 3337 2019 3389 dicitnr
2044 3337 2110 3388 ad
2133 3337 2401 3403 populum,
2424 3351 2545 3388 con-

411 3419 652 3483 sulesque
671 3423 920 3467 creantur
939 3417 1021 3468 Ti.
1042 3417 1381 3483 Sempronius
1402 3421 1669 3472 Gracchus
1692 3435 1757 3472 11.
1772 3428 1831 3470 et
1854 3419 1923 3472 Q.
1945 3419 2135 3470 Fabius
2154 3419 2300 3469 Max.
2324 3419 2549 3469 consulis

413 3499 573 3550 filius.
639 3500 724 3549 44.
755 3497 1082 3548 Dividuntur
1106 3501 1406 3565 provincia,
1423 3509 1478 3553 et
1501 3501 1739 3567 prodigia
1760 3508 2119 3566 procurantur.
2182 3499 2373 3550 Fabius
2394 3506 2551 3565 pater

413 3577 520 3630 tilio
541 3579 744 3642 legatus
767 3578 832 3628 ad
855 3579 1151 3630 Suessulam
1175 3580 1226 3630 in
1249 3589 1424 3632 castra
1446 3582 1606 3640 venit,
1627 3591 1685 3634 et
1717 3582 1785 3633 ab
1816 3597 1879 3632 eo
1900 3580 2221 3632 descendere
2242 3593 2378 3645 equo
2392 3578 2549 3645 jube-

414 3667 520 3711 tur.
585 3662 672 3710 48.
707 3658 906 3709 Eodem
951 3660 1087 3711 clam
1127 3669 1285 3713 nocte
1330 3664 1570 3728 pervenit
1610 3665 1805 3714 Dasius
1842 3661 2073 3713 Altinius
2108 3659 2358 3725 Arpinus,
2398 3661 2552 3712 bomo

413 3739 564 3790 dives
585 3748 643 3791 et
664 3739 916 3805 ambigam
951 3739 1096 3804 fidei,
1117 3743 1204 3808 qul
1226 3742 1397 3808 Arpos
1433 3746 1556 3795 olim
1590 3745 1656 3794 ad
1690 3743 2037 3795 defectionem
2059 3757 2088 3790 a
2112 3741 2353 3791 Romanis
2378 3750 2550 3793 traxe·

417 3825 594 3886 rat‚et
629 3835 768 3872 nunc
803 3821 986 3871 iisdem
1023 3837 1080 3872 se
1116 3824 1442 3888 proditurum
1479 3839 1595 3876 esse
1631 3823 1912 3892 promittit.
1974 3822 2101 3887 Ipse
2134 3821 2203 3870 ab
2222 3822 2300 3870 bis
2322 3823 2475 3873 Cales
2498 3825 2551 3874 in

415 3901 704 3952 custodiam
749 3903 1010 3954 mittitnn
1061 3904 1328 3957 Hannibal
1366 3916 1539 3958 antem
1578 3908 1722 3957 bona
1755 3906 1871 3971 ejus
1912 3903 2145 3970 possidet
2184 3909 2239 3952 et
2275 3902 2551 3969 conjugem

412 3983 710 4049 liberosque
735 3983 874 4034 vivos
898 3985 1130 4036 comburi
1143 3987 1320 4052 jubet.
1383 3993 1466 4040 46.
1502 3989 1695 4040 Fabius
1719 3987 1891 4052 Arpos
1926 3991 2103 4036 castra
2126 3991 2321 4046 movet,
2344 3982 2549 4034 urbem·

417 4079 518 4130 que
551 4070 712 4116 noctu
742 4065 1052 4133 ingreditur,
1087 4069 1257 4122 sonitu
1295 4069 1534 4137 largioris
1569 4070 1816 4136 procellae
1856 4067 2135 4134 strepitum
2165 4063 2551 4131 effringentium
