3300 5225
773 473 960 543 2060

787 637 964 704 adeo
1011 633 1368 718 conjuncta
1413 632 1739 700 societate
1782 632 2039 712 PoeniS,
2067 639 2143 700 ut
2192 651 2369 700 uxor
2409 634 2569 702 iude
2620 634 3005 704 Hannibali

789 747 998 818 esset,
1028 736 1114 803 ad
1147 737 1498 802 Romanos
1526 735 1794 803 defecit.
1882 736 2465 821 Carthaginienses
2496 737 2833 824 Illiturgin
2872 760 3003 826 op-

788 859 1091 927 pugnare
1133 839 1369 920 adorti,
1398 838 1564 925 quia
1600 838 1995 923 praesidium
2038 840 2137 904 ibi
2169 838 2553 906 Romanum
2584 849 2770 909 erat:
2812 843 3005 910 vide-

788 946 1161 1028 banturque
1211 942 1442 1025 inopia
1499 959 1653 1006 enm
1698 941 1924 1008 locum
1962 945 2260 1008 maxime
2308 945 2787 1028 expugnaturi.
2873 945 3005 1011 Cn.

792 1047 1052 1131 Scipio,
1081 1052 1160 1111 ut
1191 1047 1404 1110 sociis
1433 1045 1884 1130 praesidioque
1912 1045 2113 1112 ferret
2154 1065 2375 1130 opem,
2406 1066 2563 1111 cum
2590 1049 2851 1130 legione
2879 1068 3007 1114 ex-

791 1151 1020 1234 pedita
1049 1148 1414 1233 profectu8‚
1443 1149 1608 1214 inter
1626 1155 1683 1188 ¹²
1720 1148 1878 1214 bina
1918 1155 2140 1214 castra
2168 1169 2327 1216 cum
2357 1169 2597 1232 magna
2626 1150 2814 1216 caede
2843 1151 3003 1216 hos-

789 1252 959 1316 tium
1007 1251 1236 1315 urbem
1281 1258 1386 1315 est
1434 1249 1794 1333 ingressus,
1838 1255 1909 1316 et
1950 1255 2227 1334 postero
2278 1251 2391 1316 die
2422 1253 2771 1335 eruptione
2800 1273 3005 1340 aeque

791 1352 978 1418 felici
1023 1351 1367 1438 pugnavit.
1472 1351 1697 1436 Supra
1742 1351 2101 1418 duodecim
2156 1353 2371 1418 millia
2418 1353 2764 1420 hominum
2816 1376 3007 1422 caesa

795 1455 1056 1520 duobus
1087 1451 1384 1538 praeliis:
1427 1454 1586 1538 plus
1613 1455 1801 1519 mille
1829 1456 2089 1539 capti‚¹³
2122 1475 2278 1520 cum
2320 1474 2450 1522 sex
2479 1463 2551 1520 et
2577 1457 2843 1539 triginta
2872 1459 3001 1524 mi-

793 1558 1102 1622 litaribus
1135 1556 1369 1638 signis.
1459 1556 1569 1622 Ita
1597 1557 1684 1622 ab
1717 1556 2009 1640 Illiturgi
2040 1575 2379 1624 recessum
2406 1565 2599 1624 est.²⁴
2684 1559 3007 1642 Bigerra⁸

797 1663 958 1729 inde
988 1663 1144 1726 urbs
1171 1659 1396 1746 (socia
1425 1667 1498 1726 et
1522 1659 1675 1726 haee
1708 1659 2171 1725 Romanorum
2202 1658 2379 1745 erat)
2418 1681 2463 1726 a
2507 1658 3006 1746 Carthaginien-

799 1767 989 1830 sibus
1016 1764 1390 1848 oppugnari
1421 1770 1655 1848 coepta
1683 1769 1815 1828 est.
1903 1762 2075 1826 Eam
2127 1763 2550 1830 obsidionem
2600 1763 2743 1831 sine
2788 1771 3004 1832 certa-

795 1869 973 1933 mine
1006 1867 1370 1931 adveniens
1402 1865 1526 1930 Cn.
1557 1864 1793 1948 Scipio
1824 1863 2052 1930 solvit.

883 1971 994 2034 42.
1037 1968 1150 2034 Ad
1201 1964 1577 2034 Mundam²²
1619 1967 1865 2032 exinde
1914 1975 2138 2036 castra
2180 1967 2447 2034 Punica
2490 1973 2709 2036 mota:
2756 1977 2829 2036 et
2860 1969 3011 2036 Ro-

797 2072 977 2137 mani
1017 2091 1098 2136 eo
1147 2070 1499 2136 confestim
1546 2070 1765 2135 secuti
1802 2079 1975 2135 sunt.
2063 2069 2173 2134 Ibi
2212 2071 2425 2154 signis
2454 2073 2721 2138 collatis
2749 2093 3009 2157 pugna·

797 2180 937 2240 tum
977 2195 1102 2259 per
1144 2181 1430 2259 quatuor
1464 2173 1665 2238 ferme
1701 2172 1939 2238 horas:
1982 2173 2375 2256 egregieque
2414 2174 2830 2240 vincentibus
2861 2175 3009 2241 Ro-

801 2277 1020 2342 manis
1050 2278 1307 2361 signum
1339 2279 1630 2358 receptui
1658 2283 1767 2339 est
1794 2276 2049 2354 datum,
2076 2275 2255 2358 quod
2286 2274 2413 2340 Gn.
2432 2276 2770 2361 Scipionis
2802 2277 3014 2346 femur

800 2378 1062 2461 tragula
1089 2377 1430 2444 confixum
1459 2383 1640 2458 erat3
1671 2395 2010 2461 pavorque
2039 2379 2220 2448 circa
2248 2397 2403 2442 eum
2436 2386 2704 2463 ceperat
2730 2379 3011 2462 militen,

797 2501 880 2546 ne
937 2480 1348 2547 mortiferum
1395 2485 1571 2546 esset
1618 2480 1885 2545 vulnus.
1974 2480 2277 2546 Ceterum
2324 2481 2505 2550 haud
2548 2482 2821 2549 dubium
2859 2483 3016 2566 fuit,

1732 491 1807 538 Τ.
1852 490 2046 540 less

1719 2656 1809 2679 θη
1813 2658 1986 2679 ‘m
1991 2658 2081 2679 000

804 2768 862 2815 11
901 2764 1051 2829 Conj.
1073 2764 1298 2827 Rupert.
1327 2764 1392 2813 ad
1421 2768 1607 2827 por-tum
1631 2762 1877 2813 Victorias.
1880 2766 2011 2811 -12
2044 2761 2131 2812 Al.
2163 2762 2313 2813 intra.
2315 2768 2443 2814 -13
2480 2763 2605 2814 Plau
2623 2764 2779 2815 decem
2804 2755 3018 2821 nimiu

801 2836 990 2893 captum
1009 2830 1241 2880 Gronov.
1263 2828 1475 2907 Doujat.
1501 2828 1733 2877 Crevier.
1764 2828 1873 2890 plna
1891 2828 2049 2876 decem
2080 2828 2232 2878 millia
2254 2834 2392 2893 capta
2413 2830 2549 2879 Edd.
2567 2839 2687 2879 ante
2712 2831 2946 2883 Gronov.
2946 2858 3015 2871 --

803 2900 864 2946 14
895 2896 1036 2945 Olim
1061 2893 1352 2959 legebatur,
1373 2894 1445 2943 ita
1465 2894 1527 2944 ab
1549 2893 1771 2956 [iliturgi
1794 2907 2023 2943 recessum
2045 2899 2117 2943 est
2138 2894 2394 2945 obsidione.
2460 2894 2582 2944 vid.
2604 2896 2732 2947 Not·
2750 2896 2881 2947 Var.

1793 3050 2013 3103 NOTAE

869 3151 888 3187 ¹
919 3154 1131 3212 Castulo,
1165 3154 1300 3218 urba]
1341 3155 1549 3213 Castulo,
1589 3152 1727 3204 unde
1768 3151 1863 3203 im-

803 3232 973 3293 perite
995 3232 1203 3296 quidam
1225 3234 1472 3283 Castellae
1493 3245 1681 3282 nomen
1702 3229 1865 3281 dedu-

1945 3150 2073 3216 pido
2106 3152 2339 3217 ansignat
2376 3152 2562 3214 Sauro,
2593 3152 2685 3203 ubi
2720 3166 2859 3203 nune
2896 3154 3020 3204 Pea-

1944 3242 2103 3291 qnoera,
2123 3242 2226 3278 non
2250 3229 2430 3293 procul
2454 3228 2659 3279 Gabriel
2683 3243 2851 3279 amne.
2896 3230 3017 3293 Ego

801 3312 946 3368 eunt,
969 3306 1106 3370 quod
1129 3308 1308 3369 procul
1329 3308 1395 3358 ab
1417 3322 1480 3358 eo
1503 3314 1671 3359 tractu
1694 3307 1863 3371 cepit:

804 3381 906 3432 fuit
940 3383 1061 3433 urba
1101 3383 1471 3447 Oretauornun
1505 3384 1592 3451 qui
1633 3384 1729 3435 sub
1767 3383 1866 3434 Ro·

803 3461 969 3509 mania
1024 3462 1304 3524 provinciae
1355 3462 1751 3525 Tarraconensi,
1804 3474 1867 3512 ac

804 3536 994 3585 deiude
1019 3536 1434 3601 Carthaginiensi
1462 3537 1526 3587 ab
1549 3537 1639 3587 illa
1662 3536 1864 3587 detrac-

805 3620 897 3675 ta,
939 3612 1244 3669 contributi,
1287 3614 1341 3662 in
1389 3612 1577 3663 finibus
1628 3614 1867 3665 Baeticae.

807 3688 1055 3740 Creditur
1091 3688 1249 3739 fuisse
1283 3690 1371 3740 nbi
1405 3704 1542 3740 nunc
1582 3692 1790 3742 Castana
1820 3692 1870 3742 la

813 3766 967 3828 Ῡίςὶα,
1008 3765 1148 3831 quod
1203 3766 1326 3816 Nic.
1375 3768 1596 3817 Santoni
1653 3769 1868 3831 placet3

806 3856 1100 3907 quanquam
1155 3844 1360 3894 Brietio
1402 3849 1484 3894 est
1529 3845 1761 3895 Gazorla:
1816 3844 1871 3895 in

808 3917 1050 3967 Castellae
1087 3934 1234 3969 novoe
1271 3919 1458 3971 finibus
1494 3936 1597 3985 qua
1632 3922 1872 3987 proxime

809 3992 1056 4043 Granatae
1082 4009 1296 4059 reguum
1317 3996 1548 4061 attingit.

873 4078 900 4113 t
931 4068 1167 4135 Bigerra]
1220 4072 1508 4123 Bastitnnis
1549 4072 1796 4123 tribuitur
1838 4088 1872 4122 a

807 4144 1097 4196 Ptolemaeo
1128 4148 1358 4210 Bigerra,
1383 4149 1470 4214 qui
1500 4148 1650 4199 fuere
1686 4150 1739 4199 in
1773 4150 1872 4199 ori-

809 4223 970 4272 entali
1006 4231 1156 4289 parte
1193 4228 1359 4279 Novae
1397 4228 1661 4292 Castellae,
1683 4242 1785 4293 qua
1817 4243 1873 4278 ae

1946 3305 2166 3356 nominis
2199 3306 2421 3370 vestigia
2454 3313 2666 3356 secutus
2702 3312 2832 3369 puto
2866 3303 3021 3367 qua·

1944 3398 2066 3449 ram,
2082 3382 2145 3432 ad
2171 3382 2410 3434 dextram
2431 3382 2696 3439 Sucronis,
2716 3382 2855 3431 inter
2878 3382 3017 3431 Con-

1947 3460 2091 3509 cham
2128 3458 2193 3509 ad
2232 3459 2661 3525 septemtrionem
2697 3468 2752 3508 et
2788 3458 3019 3507 Alarcon

1948 3536 2015 3586 ad
2048 3537 2333 3602 meridiem,
2364 3535 2455 3587 ned
2488 3536 2607 3587 huie
2642 3536 2805 3587 multo
2837 3537 3019 3601 propi·

1950 3628 2111 3665 orem.

2013 3690 2038 3726 ¹²
2070 3693 2151 3742 Aa
2189 3688 2449 3752 Mundum]
2483 3688 2549 3739 In
2588 3688 2853 3739 ulterioris
2894 3688 3019 3741 m·-

1951 3769 2120 3835 paniae
2153 3776 2302 3832 parte
2338 3782 2489 3832 quam
2520 3764 2775 3815 Baeticam
2807 3780 2841 3814 a
2878 3765 3021 3816 Bou

1951 3846 2109 3898 fluvio
2129 3845 2332 3906 dixere,
2349 3844 2417 3894 ad
2442 3841 2697 3893 Mundam
2716 3839 2929 3891 fluvium
2960 3842 3021 3893 in

1951 3920 2179 3973 Butun-
2210 3920 2389 3971 Poenie
2420 3918 2524 3968 fuit
2555 3916 2775 3975 Munda,
2796 3918 3022 3971 victoria

1953 3998 2175 4050 Caesaria
2188 3997 2254 4047 de
2272 3994 2513 4059 Pompeii
2530 3992 2647 4044 filiis
2660 3994 2859 4044 clarum
2876 4002 3019 4061 poet·

1952 4090 2016 4125 ea
2060 4075 2328 4139 oppidum.
2398 4072 2635 4123 Brietius
2677 4085 2867 4121 nomen
2910 4086 3023 4124 aer·-

1952 4166 2074 4201 vare
2110 4152 2215 4202 ait:
2262 4151 2417 4215 vulgo
2454 4156 2627 4199 tamen
2664 4146 2901 4199 creditur
2938 4148 3023 4199 fu-

1952 4230 2073 4293 isse,
2100 4228 2188 4279 ubi
2223 4240 2362 4277 nunc
2386 4226 2559 4275 Rauda
2593 4223 2746 4285 Vidn,
2786 4226 2841 4275 in
2873 4226 3025 4291 regni

808 4299 862 4349 in
900 4300 1159 4353 Valentiae
1195 4318 1408 4367 regnum
1442 4305 1685 4355 insinuat.
1734 4306 1877 4355 Man-
1956 4305 2299 4356 Grauatensis
2321 4310 2475 4369 parte
2496 4302 2811 4355 occidentali
2828 4302 2895 4353 ad
2916 4304 3028 4353 An·

809 4378 944 4427 cham
977 4380 1126 4430 hodie
1153 4389 1358 4431 vocant.
1424 4381 1619 4433 Locum
1642 4382 1764 4469 ’ἰωὴ
1784 4396 1876 4447 op·
1957 4382 2170 4435 dalasiae
2192 4380 2428 4433 confinia.
