3300 5225
962 513 1109 562 mn.
1160 509 1405 562 xxm.
1454 512 1621 562 cAP.
1665 497 1731 563 7.
2281 472 2452 563 189'7

234 658 442 738 aliosi,
472 658 710 742 partim
740 658 967 743 aliquo
998 658 1255 725 militias
1296 677 1571 724 munere
1602 663 2003 743 occupatOS,
2035 656 2276 743 partim
2317 657 2452 743 pri·

236 763 427 828 vatis
468 761 751 846 negotiis
792 761 1183 845 implicitoS,
1214 762 1411 847 plebs
1450 769 1722 847 repente
1763 781 1996 826 omnes
2023 756 2453 845 comprehen-

242 883 393 944 sos,
423 865 612 930 velut
648 864 981 930 custodiae
1016 873 1277 942 causa,⁵
1310 866 1563 930 balneis
1592 864 1842 929 includi
1865 864 2108 950 jussit:
2160 863 2294 940 ubi,
2327 863 2455 928 fer-

240 988 409 1032 vore
468 974 675 1052 atque
736 965 957 1032 aestu⁶
1012 969 1235 1033 anima
1292 966 1681 1046 interclusa,
1740 966 2001 1033 foedum
2061 966 2129 1030 in
2185 965 2456 1030 modum

240 1071 657 1153 expirarent.
746 1070 851 1136 Ea
892 1091 974 1136 ne
1018 1072 1261 1150 fierent,
1296 1091 1427 1137 neu
1468 1073 1714 1154 legatio
1759 1071 2127 1136 mitteretur
2171 1069 2258 1134 ad
2303 1068 2459 1133 Poe·

243 1193 436 1250 num,
484 1192 747 1239 summa
794 1193 927 1258 opo
978 1173 1232 1241 Decius
1280 1175 1613 1258 MagiuS,⁷
1664 1175 1788 1253 vir,
1837 1174 1951 1240 cui
1998 1173 2084 1238 ad
2129 1190 2460 1238 summam

248 1277 728 1343 auctoritatem
775 1273 966 1356 nibil,
1008 1287 1251 1363 praeter
1298 1297 1534 1344 sanam
1576 1277 1826 1342 civium
1870 1282 2184 1356 mentem,
2224 1274 2462 1353 defuit,

246 1381 615 1448 restiterat.
691 1377 791 1444 Ut
823 1399 984 1445 vero
1012 1380 1403 1466 praesidium
1434 1379 1609 1446 mitti
1642 1380 1730 1446 ab
1761 1379 2152 1445 Hannibale
2181 1377 2463 1456 audivit,

249 1480 502 1565 Pyrrhi
546 1483 903 1567 superbam
947 1482 1487 1562 dominationem,
1532 1479 2114 1568 miserabilemque
2160 1481 2462 1546 Tarenti-

248 1603 493 1650 norum
525 1585 936 1665 servitutem,
964 1586 1273 1670 exempla
1302 1586 1639 1665 referens,¹
1681 1587 1919 1670 primo,
1951 1605 2036 1651 ne
2066 1585 2468 1670 reciperetur

250 1687 673 1770 praesidium,
702 1688 931 1773 palam
962 1689 1374 1754 vociferatus
1396 1694 1542 1753 est:
1592 1688 1856 1767 deinde,
1881 1697 1955 1754 ut
1976 1695 2321 1773 receptum
2346 1694 2470 1755 aut

254 1790 645 1874 ejiceretur,
675 1796 816 1870 aut,
848 1792 909 1856 si
952 1790 1204 1856 malum
1250 1791 1531 1866 facinus,
1566 1789 1748 1876 quod
1776 1810 1818 1856 a
1847 1791 2328 1858 vetustissimis
2356 1809 2470 1856 so·

254 1891 387 1956 ciis
432 1893 1075 1977 consanguineisque
1121 1891 1553 1969 defecissent,
1586 1893 1740 1958 forti
1786 1912 1866 1958 ac
1909 1892 2325 1959 memorabili
2368 1893 2472 1958 fa-

254 1995 495 2060 cinore
541 2014 825 2079 purgare
868 1995 1139 2074 vellent,
1169 2001 1269 2072 ut,
1298 1994 1647 2060 interfecto
1691 1995 1955 2060 Punico
1995 1995 2341 2080 praesidio,
2372 2015 2474 2061 re·

258 2097 612 2164 stituerent
636 2105 715 2164 ‘se
746 2097 1100 2164 Romanis.
1188 2097 1371 2163 Haec
1400 2095 1656 2183 (neque
1686 2099 1858 2162 enim
1891 2099 2157 2165 occulte
2188 2102 2476 2183 ageban-

262 2198 409 2284 tur)
430 2219 586 2266 cum
614 2201 821 2266 relata
853 2200 1223 2267 Hannibali
1252 2213 1499 2279 essent,
1529 2201 1746 2285 primo
1779 2202 1983 2280 misit,
2010 2203 2126 2286 qui
2159 2207 2478 2268 vocarent

265 2301 573 2386 Magium
622 2305 705 2370 ad
747 2324 899 2370 sese
945 2305 1013 2368 in
1063 2309 1323 2370 castra:
1381 2303 1642 2382 deinde,
1692 2323 1843 2370 cum
1893 2304 1954 2368 is
2009 2303 2316 2371 ferociter
2365 2325 2476 2370 ne·

264 2412 495 2489 gasset
530 2427 605 2471 se
649 2409 920 2486 iturum,
958 2405 1112 2493 (nec
1160 2406 1335 2471 enim
1387 2405 1759 2472 Hannibali
1787 2406 1905 2492 jus
1953 2427 2106 2473 esse
2148 2409 2216 2473 in
2258 2407 2477 2474 civem

268 2507 755 2595 Campanum‚)
776 2511 1159 2576 concitatus
1179 2509 1279 2574 ira
1303 2506 1585 2587 Poenus,
1616 2508 2087 2594 comprehendi
2118 2510 2474 2588 hominem,

268 2613 705 2699 vinctumque
744 2613 991 2679 attrahi
1035 2611 1123 2679 ad
1163 2632 1239 2678 se
1265 2611 1501 2697 jussit.
1587 2608 1868 2679 Veritus
1895 2614 2157 2693 deinde,
2188 2634 2268 2679 ne
2313 2609 2480 2700 quid

268 2716 447 2781 inter
488 2716 627 2783 vim
671 2717 1064 2783 tumultus·
1106 2724 1305 2802 atque
1346 2734 1433 2781 ex
1480 2714 1934 2781 concitatione
1977 2717 2339 2783 animorum
2384 2716 2478 2781 in-

339 2898 357 2933 1
390 2899 668 2949 Memorem
688 2900 741 2949 in
758 2900 1021 2964 exemplum
1050 2874 1250 2965 periculi
1284 2900 1408 2963 qnod
1439 2898 1658 2951 subibant
1700 2900 1932 2962 Campani
1964 2899 2268 2965 impotentem
2299 2896 2486 2965 Pyrrhi

274 2966 575 3015 dominatum
596 2966 648 3015 in
670 2964 973 3027 Tarentinos,
992 2970 1135 3029 atque
1148 2965 1314 3015 horum
1334 2964 1648 3015 miserandum
1668 2965 1966 3016 mitatem.

340 3038 381 3063 ¹¹·
416 3031 499 3082 Ne
520 3032 749 3083 mauu
766 3030 957 3095 aliquis,
978 3036 1061 3081 aut
1082 3036 1323 3082 certamen
1343 3030 1567 3079 oriretur.

1198 3190 1563 3215 ΟΟΟΟΟΟΟΟ

275 3311 545 3389 conjunct.
562 3310 755 3362 causali
770 3326 882 3361 aaut
896 3310 1091 3361 narrari
1113 3310 1320 3361 solent?
1346 3309 1634 3361 Stroth—⁵
1662 3309 1746 3389 Al.
1764 3313 1890 3362 velut
1910 3311 2248 3389 custodientia
2263 3324 2492 3361 causa.—

278 3382 315 3427 6
348 3378 475 3428 Vct.
498 3377 591 3429 hb.
612 3377 755 3443 apud
783 3378 962 3443 Sigon.
981 3378 1159 3438 [πίονι
1179 3383 1320 3443 atque
1340 3382 1573 3429 ‹estne-‘1
1608 3376 1837 3431 Det-um
1859 3378 2060 3441 Magrus
2078 3384 2135 3427 et
2155 3391 2275 3427 mox
2289 3376 2378 3433 M.
2401 3381 2488 3425 aut

1274 3542 1489 3595 Nom-2

284 3640 405 3705 bns,
437 3639 603 3707 qualis
646 3640 844 3706 Capua,
870 3646 929 3691 nt
972 3646 1127 3706 patet
1159 3652 1225 3691 ex
1255 3640 1349 3692 lib.
1411 3639 1576 3702 sectos
1620 3640 1854 3691 sociorum
1897 3638 2077 3690 Livius
2126 3636 2270 3687 dicat
2313 3634 2493 3700 speeie

284 3731 387 3769 vn.
418 3717 819 3783 imponebantur
858 3733 891 3769 a
930 3719 1175 3770 Romanis
1214 3734 1349 3783 prae·
1428 3717 1680 3769 custodiae
1725 3716 2002 3769 suffocatos
2045 3728 2166 3765 cun
2212 3712 2342 3769 alib,
2391 3727 2494 3763 non

286 3790 435 3851 secti,
480 3795 569 3859 qni
604 3794 693 3858 jus
732 3794 993 3860 dicerent,
1036 3803 1093 3846 et
1134 3794 1349 3860 publica
1428 3794 1678 3844 debemus
1718 3793 1914 3857 Capuae
1951 3788 2262 3857 proefectum
2301 3788 2496 3839 intelli·

288 3868 756 3921 administrarent:
809 3877 969 3936 utque
1008 3872 1109 3923 boe
1166 3872 1347 3923 discri-
1428 3884 1575 3937 gere,
1606 3870 1696 3935 qui
1736 3870 1920 3920 unicus
1956 3867 2180 3919 fuisset:
2219 3873 2378 3932 utque
2403 3879 2498 3930 ap·

286 3957 405 3996 men
438 3951 555 3996 erat
583 3945 895 3996 coloniarum
916 3954 973 3997 ct
1010 3946 1349 4012 prefectum·
1430 3954 1579 4012 paret
1598 3962 1664 3997 ex
1681 3948 1778 3998 hoc
1795 3949 1910 4011 ipro
1931 3945 2110 4011 capite
2134 3944 2368 4007 Capuam
2389 3954 2493 3991 non

288 4034 421 4073 nm.
490 4022 625 4073 Nam
659 4020 993 4087 praefeeturae
1030 4026 1352 4077 vocabantur
1433 4026 1484 4075 in
1506 4023 1839 4089 praefectura
1859 4025 1974 4074 loco
1990 4030 2116 4073 tunc
2132 4020 2382 4076 habitam.
2399 4018 2494 4068 sed

287 4098 449 4149 urbes
478 4098 703 4163 Italica,
724 4113 941 4164 quarum
964 4100 1216 4166 'quedam
1238 4109 1354 4154 erat
1435 4106 1715 4166 p‘raetorem
1761 4116 1906 4151 snum
1962 4098 2224 4157 habuisse.
2264 4098 2496 4148 Marium

290 4176 624 4242 respublica:
648 4176 721 4226 ita
748 4184 921 4228 tamen
946 4185 1005 4230 ut
1024 4180 1353 4245 magistratus
1433 4192 1624 4242 nempe
1673 4176 1940 4227 Blosium:
2011 4174 2266 4225 militares
2317 4174 2498 4239 itaque

292 4252 533 4317 proprios
578 4266 681 4303 non
720 4253 995 4317 haberent,
1039 4255 1134 4307 sed
1168 4256 1222 4307 in
1268 4268 1355 4307 eas
1438 4253 1719 4321 prefectos
1741 4254 2008 4305 socialium
2040 4249 2332 4303 cohortium
2349 4252 2502 4301 intel·

291 4328 531 4394 prafecti
568 4329 844 4395 quotannis
882 4331 1050 4381 Roma
1088 4333 1358 4384 mitteren-
1436 4332 1563 4396 lige,
1601 4345 1820 4397 quornm
1857 4329 2014 4394 aliqui
2058 4334 2183 4378 tunc
2213 4328 2407 4393 Capua
2445 4328 2500 4377 in

298 4412 381 4455 tur
404 4406 491 4471 qui
514 4419 604 4457 eas
626 4412 887 4471 regerent.
954 4406 1060 4459 Sed
1096 4422 1212 4460 cum
1232 4423 1359 4474 γνω-
1440 4407 1688 4473 praesidio
1703 4422 1734 4457 a
1755 4404 2004 4459 Romanis
2025 4404 2185 4471 positi
2207 4412 2402 4455 essent.

424 4487 603 4552 Delpk.
623 4492 669 4539 et
698 4488 813 4542 Var.
835 4489 967 4541 cus.
1318 4488 1503 4540 Livius.
1979 4507 1992 4517 ·
2269 4490 2304 4535 6
2339 4484 2368 4535 Ι
