3300 5225
1061 601 1204 649 mu.
1251 600 1462 649 xxn.
1506 600 1672 678 car.
1714 584 1781 649 3.
2337 585 2511 651 1773

302 752 438 825 rat,
470 765 610 831 quo
631 744 663 785 ⁶
702 744 908 811 altius
954 745 1043 810 ab
1084 764 1263 829 aqua
1286 749 1567 823 extaret,
1595 742 1923 828 vectus;¹‘
1968 744 2212 829 vigiliis
2239 745 2508 811 tandem

302 855 375 914 et
402 854 736 914 nocturno
778 848 1051 913 humore
1108 848 1521 933 palustrique
1574 845 1792 915 coelo¹
1837 857 2162 933 gravante
2191 854 2413 933 caput,
2443 858 2512 915 et

302 952 477 1037 quia
507 950 817 1017 medendi
836 970 959 1016 nec
986 951 1183 1016 locus
1211 971 1338 1017 nec
1382 956 1645 1036 tempus
1690 958 1860 1031 erat,
1905 951 2111 1017 altero
2156 952 2352 1018 oculo
2395 972 2512 1017 ca·

300 1056 508 1139 pitur.

389 1158 458 1222 3.
494 1158 742 1224 Multis
762 1158 1143 1224 hominibus
1162 1159 1623 1244 jumentisque
1646 1156 1825 1223 soede
1857 1158 2150 1234 amissiS,
2181 1176 2334 1223 cum
2363 1163 2510 1224 tan-

304 1260 459 1327 dem
491 1262 579 1329 de
609 1261 973 1346 paludibus
1002 1264 1411 1341 emersisset,
1450 1262 1571 1326 ubi
1616 1262 1905 1346 primum
1934 1262 2006 1326 in
2053 1261 2240 1326 sicco
2269 1260 2508 1344 potuit,

302 1372 529 1430 castra
573 1366 795 1444 locat3
842 1371 1233 1449 certumque
1282 1385 1407 1449 per
1452 1364 1842 1449 praemissos
1884 1362 2344 1448 exploratores
2389 1361 2511 1427 ha-

304 1468 472 1546 buit,
533 1470 908 1535 exercitum
967 1466 1353 1534 Romanum
1400 1468 1582 1533 circa
1642 1464 1895 1532 Arretii
1938 1474 1965 1516 ⁷
2034 1466 2280 1531 moenia
2336 1485 2509 1533 esse.

304 1568 618 1637 Consulis
646 1571 890 1637 deinde
920 1570 1209 1638 consilia
1237 1578 1445 1654 atque
1470 1570 1790 1647 animum,
1812 1577 1882 1635 et
1909 1569 2110 1634 situm
2142 1568 2507 1652 regionum,

301 1673 706 1757 itineraque,
733 1682 801 1741 et
845 1676 1081 1759 copias
1124 1673 1211 1740 ad
1244 1672 1706 1743 commeatus⁸
1751 1672 2240 1757 expediendos,
2279 1677 2353 1737 et
2401 1692 2511 1736 ce-

304 1782 473 1855 tera,
505 1794 661 1859 quae
688 1796 1015 1861 cog-nosse
1043 1778 1113 1842 in
1159 1797 1298 1844 rem
1343 1785 1537 1855 erat‚⁹
1581 1796 1842 1842 summa
1886 1776 2114 1842 omnia
2155 1795 2306 1841 cum
2351 1794 2512 1843 cura

302 1878 691 1965 inquirendo
718 1881 1209 1964 exequebatur.
1298 1880 1523 1965 Regio
1550 1881 1780 1946 eratin
1804 1880 2039 1963 primis
2074 1878 2300 1945 Italiae
2329 1878 2507 1945 ferti-

302 1979 410 2059 lis,
440 1980 713 2047 Etrusci
742 1982 987 2067 campi,
1018 1983 1131 2067 qui
1162 1982 1475 2049 Faesulas
1500 1990 1539 2019 ¹¹³
1574 1984 1734 2047 iuter
1771 1981 2241 2066 Arretiumque
2259 1981 2509 2065 jacent,

299 2083 615 2150 frumenti
665 2104 751 2150 ac
802 2085 1065 2168 pecoris
1098 2093 1168 2152 et
1217 2085 1509 2151 omnium
1562 2086 1768 2171 copia
1811 2093 1865 2125 ¹⁰
1907 2105 2128 2150 rerum
2177 2084 2505 2169 opulenti.

304 2185 568 2254 Consul
597 2186 789 2253 ferox
830 2188 918 2253 ab
954 2189 1309 2255 consulatu
1350 2189 1601 2274 priore,
1640 2197 1714 2254 et
1751 2209 1890 2254 non
1929 2188 2126 2254 modo
2166 2187 2386 2271 legum
2428 2206 2510 2253 ac

305 2289 587 2356 Patrum
616 2292 1015 2376 maJestatis,
1042 2294 1165 2359 sed
1195 2313 1277 2359 ne
1300 2293 1603 2359 Deorum
1634 2291 1904 2378 quidem
1935 2292 2102 2357 satis
2127 2298 2504 2357 metuens.¹¹

305 2391 511 2457 Hanc
553 2393 820 2460 insitam
864 2394 1124 2479 ingenio
1172 2396 1319 2480 ejus
1381 2397 1824 2461 temeritatem
1883 2394 2144 2460 fortuna
2178 2412 2505 2478 prospero

304 2494 635 2561 civilibus
661 2496 1050 2581 bellicisque
1093 2499 1292 2563 rebus
1321 2516 1649 2564 successu
1681 2497 1966 2562 aluerat.
2054 2494 2300 2580 Itaque
2339 2494 2510 2561 satis

304 2600 713 2684 apparebat,
762 2620 889 2666 nec
935 2600 1126 2668 Deos
1170 2622 1294 2668 nec
1344 2602 1646 2669 homines
1689 2601 2147 2668 consulentem
2205 2598 2512 2665 ferociter

300 2703 531 2768 omnia
560 2722 644 2769 ac
687 2723 1107 2790 praepropere
1153 2711 1478 2770 acturum.
1570 2703 1864 2790 Quoque
1904 2702 2174 2788 pronior
2215 2709 2400 2768 esset
2439 2701 2510 2766 in

301 2805 475 2871 vitia
502 2825 652 2885 sua,
682 2807 933 2890 agitare
966 2827 1114 2872 eum
1146 2814 1343 2892 atque
1372 2808 1625 2874 irritare
1658 2807 1920 2874 Poenus
1949 2814 2182 2892 parat:
2215 2813 2305 2886 et,
2332 2804 2510 2870 laeva

299 2909 542 2975 relicto
587 2907 805 2983 hoste,
851 2909 1165 2975 Faesulas
1210 2920 1474 2995 petens,
1512 2910 1735 2976 medio
1767 2909 2050 2976 Etruriae
2090 2915 2293 2993 agro¹²
2337 2925 2511 2992 pree·

300 3011 538 3079 datum
556 3018 613 3052 ¹²
654 3011 1024 3099 profectus,
1066 3021 1379 3098 quantam
1423 3013 1790 3079 maximam
1825 3013 2207 3080 vastitatem
2253 3016 2506 3096 potest,

300 3317 547 3377 pert-6
587 3315 727 3370 Quod
748 3315 881 3367 ΕΜ.
902 3323 1025 3368 ante
1047 3317 1281 3370 Crevier.

366 3383 401 3428 7
439 3379 565 3430 Put.
578 3379 847 3432 &mmm
863 3382 1045 3434 iareim
1066 3384 1377 3434 Arretii.—8
1401 3382 1487 3435 Al.
1507 3387 1645 3448 atque
1660 3383 2051 3433 commentum—9
2074 3379 2216 3431 Olim
2234 3379 2508 3443 legebatur

298 3449 463 3496 eeter-
491 3459 601 3510 qnae
628 3450 944 3512 ωῃοκωιὼ
966 3451 1022 3500 in
1040 3463 1097 3500 re
1115 3454 1401 3501 σφώ-10
1432 3451 1540 3502 Mc.
1562 3449 1810 3500 Cantabr.
1829 3447 2122 3512 copiae-ll
2159 3447 2288 3497 Erat
2307 3445 2508 3497 addunt

1302 3596 1517 3649 NOTAE

366 3708 395 3746 ¹¹
434 3711 701 3776 Elephan
719 3747 735 3764 .
753 3747 770 3763 .
788 3719 977 3764 ‚mm
993 3746 1008 3763 .
1024 3747 1039 3764 .
1057 3749 1074 3764 .
1090 3715 1239 3764 altero
1258 3729 1365 3766 m·
1445 3727 1547 3781 que
1568 3715 1635 3765 ad
1660 3713 1878 3764 sormam
1897 3711 1998 3764 vici
2022 3711 2240 3762 redacta
2263 3727 2276 3758 ι
2312 3711 2509 3761 retinet

300 3788 349 3836 10
370 3788 586 3854 capitur]
622 3789 743 3841 Huc
764 3791 951 3841 alludit
984 3789 1236 3841 Satiricus
1269 3791 1369 3841 boc
1446 3799 1620 3843 tamen
1677 3790 1846 3842 adhue
1893 3789 2069 3840 sedem
2123 3787 2510 3854 Episcopalem,

300 3878 457 3916 versu
478 3881 495 3915 ε
530 3868 546 3895 ‘
563 3867 694 3917 Cum
709 3867 919 3920 Gaetula
934 3868 1120 3919 ducem
1138 3875 1371 3934 portaret
1446 3869 1602 3932 vulgo
1634 3867 1834 3918 Fra-oze.

302 3941 479 3994 bellua
498 3944 740 3995 luscum!
1510 3953 1536 3979 Β
1570 3945 1736 3995 Medio
1758 3943 1976 3994 Etruria
1992 3941 2137 4007 agro]
2172 3941 2295 3992 Non
2317 3941 2442 3991 intel
2451 3941 2506 3991 li-

373 4019 389 4056 Ι
411 4020 726 4086 Polum-ique
754 4021 894 4088 σοῖο]
928 4021 1157 4076 Noxium
1193 4021 1366 4074 aerem
1448 4023 1525 4089 git
1548 4037 1726 4088 agrum
1751 4021 2026 4073 Etruscum
2049 4017 2209 4070 fuisse
2232 4019 2370 4068 iuter
2389 4019 2506 4070 Fla-

303 4097 572 4165 intelligit,
610 4114 676 4149 ex
722 4099 787 4150 iis
834 4100 1131 4164 paludibus,
1164 4099 1366 4164 opinor,
1445 4099 1658 4150 minium
1703 4104 1761 4148 et
1803 4094 2186 4147 Hannibalemz
2235 4099 2316 4144 est
2367 4095 2506 4146 euim

305 4188 431 4239 qm
452 4171 641 4226 fluvius
662 4174 863 4240 Clanis,
896 4179 1049 4244 vulgo
1084 4179 1135 4228 la
1163 4177 1369 4242 Chiam,
1445 4177 1635 4242 exigua
1657 4176 1770 4227 bec
1802 4188 1922 4240 par·
1951 4171 2193 4230 Etruriae,
2215 4187 2330 4238 quoe
2365 4173 2509 4224 iuter

302 4249 575 4302 interfluit.
1444 4253 1712 4306 Arretium
1755 4261 1811 4302 et
1847 4250 2158 4301 Fesulauum
2189 4249 2290 4300 iter
2321 4249 2505 4314 jacet:

365 4336 404 4364 ¹·
434 4328 679 4393 Faearlm]
720 4329 935 4383 Foesulae
974 4330 1096 4382 urbs
1136 4331 1365 4384 Etruria
1446 4331 1539 4382 ted
1576 4329 1690 4381 vult
1713 4328 2058 4380 Hannibalem
2096 4340 2192 4392 per
2221 4327 2416 4378 medios
2449 4343 2504 4377 a-

306 4406 428 4470 fuit,
465 4407 749 4460 Florentia
788 4410 977 4473 vicina,
1012 4411 1149 4460 baud
1182 4412 1363 4474 procul
1445 4424 1563 4478 gros
1577 4408 1802 4460 Etruriae
1823 4403 2091 4472 praedandi
2107 4405 2381 4457 causaiter
2398 4419 2502 4458 οω-

304 4485 482 4538 Arno:
518 4484 791 4537 destructa
824 4494 943 4553 post
978 4501 1009 4538 a
1051 4487 1254 4554 Gothic,
1284 4497 1361 4542 at·
1440 4489 1599 4555 pisse.
