<?xml version="1.0" encoding="UTF-8"?>
<!DOCTYPE html PUBLIC "-//W3C//DTD XHTML 1.0 Transitional//EN"
    "http://www.w3.org/TR/xhtml1/DTD/xhtml1-transitional.dtd">
<html xmlns="http://www.w3.org/1999/xhtml" xml:lang="en" lang="en">
 <head>
  <title>
</title>
<meta http-equiv="Content-Type" content="text/html;charset=utf-8" />
  <meta name='ocr-system' content='tesseract 3.04.00' />
  <meta name='ocr-capabilities' content='ocr_page ocr_carea ocr_par ocr_line ocrx_word'/>
</head>
<body>
  <div class='ocr_page' id='page_1' title='image "./tliviipatavinih19unkngoog_0438.png"; bbox 0 0 3300 5225; ppageno 0'>
   <div class='ocr_carea' id='block_1_1' title="bbox 1069 491 2552 558">
    <p class='ocr_par' dir='ltr' id='par_1_1' title="bbox 1069 491 2552 558">
     <span class='ocr_line' id='line_1_1' title="bbox 1069 491 2552 558; baseline 0.001 -2"><span class='ocrx_word' id='word_1_1' title='bbox 1069 509 1212 557; x_wconf 77' lang='lat' dir='ltr'><strong>mu.</strong></span> <span class='ocrx_word' id='word_1_2' title='bbox 1261 509 1484 556; x_wconf 86' lang='lat' dir='ltr'>xx1v.</span> <span class='ocrx_word' id='word_1_3' title='bbox 1531 508 1699 556; x_wconf 74' lang='grc' dir='ltr'>οΑν.</span> <span class='ocrx_word' id='word_1_4' title='bbox 1746 491 1851 558; x_wconf 83' lang='lat'><strong>13.</strong></span> <span class='ocrx_word' id='word_1_5' title='bbox 2367 491 2552 558; x_wconf 75' lang='lat' dir='ltr'><strong>20oe</strong></span> 
     </span>
    </p>
   </div>
   <div class='ocr_carea' id='block_1_2' title="bbox 329 651 2552 3001">
    <p class='ocr_par' dir='ltr' id='par_1_2' title="bbox 329 651 2552 3001">
     <span class='ocr_line' id='line_1_2' title="bbox 360 651 2551 738; baseline 0 -18"><span class='ocrx_word' id='word_1_6' title='bbox 360 658 530 720; x_wconf 82' lang='lat' dir='ltr'><strong>veat.</strong></span> <span class='ocrx_word' id='word_1_7' title='bbox 619 651 694 718; x_wconf 93' lang='lat' dir='ltr'><strong>Si</strong></span> <span class='ocrx_word' id='word_1_8' title='bbox 739 653 926 734; x_wconf 75' lang='lat' dir='ltr'><strong>signa</strong></span> <span class='ocrx_word' id='word_1_9' title='bbox 969 651 1144 736; x_wconf 86' lang='lat' dir='ltr'><strong>ejus,</strong></span> <span class='ocrx_word' id='word_1_10' title='bbox 1179 653 1241 718; x_wconf 84' lang='lat' dir='ltr'><strong>si</strong></span> <span class='ocrx_word' id='word_1_11' title='bbox 1283 661 1504 718; x_wconf 82' lang='lat' dir='ltr'><strong>castra</strong></span> <span class='ocrx_word' id='word_1_12' title='bbox 1547 659 1913 738; x_wconf 87' lang='lat' dir='ltr'><strong>conspecta</strong></span> <span class='ocrx_word' id='word_1_13' title='bbox 1957 671 2000 718; x_wconf 91' lang='lat' dir='ltr'><strong>a</strong></span> <span class='ocrx_word' id='word_1_14' title='bbox 2048 651 2347 719; x_wconf 81' lang='lat' dir='ltr'><strong>Tarento</strong></span> <span class='ocrx_word' id='word_1_15' title='bbox 2392 655 2551 734; x_wconf 87' lang='lat' dir='ltr'><strong>siut,</strong></span> 
     </span>
     <span class='ocr_line' id='line_1_3' title="bbox 353 747 2552 839; baseline 0.002 -19"><span class='ocrx_word' id='word_1_16' title='bbox 353 751 538 820; x_wconf 82' lang='lat' dir='ltr'><strong>haud</strong></span> <span class='ocrx_word' id='word_1_17' title='bbox 571 753 782 820; x_wconf 88' lang='lat' dir='ltr'><strong>ullam</strong></span> <span class='ocrx_word' id='word_1_18' title='bbox 819 747 1336 820; x_wconf 74' lang='lat' dir='ltr'><strong>intercessuram</strong></span> <span class='ocrx_word' id='word_1_19' title='bbox 1373 774 1646 832; x_wconf 85' lang='lat' dir='ltr'><strong>moram,</strong></span> <span class='ocrx_word' id='word_1_20' title='bbox 1676 755 1837 839; x_wconf 88' lang='lat' dir='ltr'><strong>quin</strong></span> <span class='ocrx_word' id='word_1_21' title='bbox 1873 755 2037 820; x_wconf 86' lang='lat' dir='ltr'><strong>urbs</strong></span> <span class='ocrx_word' id='word_1_22' title='bbox 2072 755 2378 822; x_wconf 86' lang='lat' dir='ltr'><strong>dedatur.</strong></span> <span class='ocrx_word' id='word_1_23' title='bbox 2466 756 2552 824; x_wconf 86' lang='lat' dir='ltr'><strong>In</strong></span> 
     </span>
     <span class='ocr_line' id='line_1_4' title="bbox 357 854 2551 944; baseline 0.001 -20"><span class='ocrx_word' id='word_1_24' title='bbox 357 865 698 944; x_wconf 79' lang='lat' dir='ltr'><strong>potestate</strong></span> <span class='ocrx_word' id='word_1_25' title='bbox 740 859 1086 943; x_wconf 86' lang='lat' dir='ltr'><strong>juniorum</strong></span> <span class='ocrx_word' id='word_1_26' title='bbox 1133 854 1420 944; x_wconf 82' lang='lat' dir='ltr'><strong>plebem,</strong></span> <span class='ocrx_word' id='word_1_27' title='bbox 1449 859 1518 925; x_wconf 92' lang='lat' dir='ltr'><strong>in</strong></span> <span class='ocrx_word' id='word_1_28' title='bbox 1559 879 1763 924; x_wconf 92' lang='lat' dir='ltr'><strong>manu</strong></span> <span class='ocrx_word' id='word_1_29' title='bbox 1810 861 2032 942; x_wconf 89' lang='lat' dir='ltr'><strong>plebis</strong></span> <span class='ocrx_word' id='word_1_30' title='bbox 2066 879 2203 926; x_wconf 88' lang='lat' dir='ltr'><strong>rem</strong></span> <span class='ocrx_word' id='word_1_31' title='bbox 2248 861 2551 928; x_wconf 86' lang='lat' dir='ltr'><strong>Tarenti-</strong></span> 
     </span>
     <span class='ocr_line' id='line_1_5' title="bbox 337 955 2551 1047; baseline 0 -19"><span class='ocrx_word' id='word_1_32' title='bbox 337 955 510 1028; x_wconf 68' lang='lat' dir='ltr'><strong>&#39;nam</strong></span> <span class='ocrx_word' id='word_1_33' title='bbox 538 961 736 1027; x_wconf 85' lang='lat' dir='ltr'><strong>esse.&#39;</strong></span> <span class='ocrx_word' id='word_1_34' title='bbox 827 962 1176 1028; x_wconf 79' lang='lat' dir='ltr'><strong>Hannibal</strong></span> <span class='ocrx_word' id='word_1_35' title='bbox 1207 959 1630 1028; x_wconf 86' lang='lat' dir='ltr'><strong>collaudatos</strong></span> <span class='ocrx_word' id='word_1_36' title='bbox 1660 981 1777 1026; x_wconf 88' lang='lat' dir='ltr'><strong>eos</strong></span> <span class='ocrx_word' id='word_1_37' title='bbox 1806 967 2247 1046; x_wconf 82' lang='lat' dir='ltr'><strong>oneratosque</strong></span> <span class='ocrx_word' id='word_1_38' title='bbox 2279 965 2551 1047; x_wconf 86' lang='lat' dir='ltr'><strong>ingenti-</strong></span> 
     </span>
     <span class='ocr_line' id='line_1_6' title="bbox 353 1064 2548 1150; baseline 0.001 -19"><span class='ocrx_word' id='word_1_39' title='bbox 353 1068 486 1132; x_wconf 89' lang='lat' dir='ltr'><strong>bus</strong></span> <span class='ocrx_word' id='word_1_40' title='bbox 519 1065 866 1150; x_wconf 85' lang='lat' dir='ltr'><strong>promissis</strong></span> <span class='ocrx_word' id='word_1_41' title='bbox 911 1064 1184 1130; x_wconf 87' lang='lat' dir='ltr'><strong>domum</strong></span> <span class='ocrx_word' id='word_1_42' title='bbox 1227 1064 1316 1130; x_wconf 92' lang='lat' dir='ltr'><strong>ad</strong></span> <span class='ocrx_word' id='word_1_43' title='bbox 1365 1073 1600 1150; x_wconf 85' lang='lat' dir='ltr'><strong>coepta</strong></span> <span class='ocrx_word' id='word_1_44' title='bbox 1627 1065 2026 1131; x_wconf 86' lang='lat' dir='ltr'><strong>maturanda</strong></span> <span class='ocrx_word' id='word_1_45' title='bbox 2054 1065 2271 1132; x_wconf 89' lang='lat' dir='ltr'><strong>redire</strong></span> <span class='ocrx_word' id='word_1_46' title='bbox 2309 1066 2548 1150; x_wconf 86' lang='lat' dir='ltr'><strong>jubet:</strong></span> 
     </span>
     <span class='ocr_line' id='line_1_7' title="bbox 355 1167 2549 1252; baseline 0.001 -18"><span class='ocrx_word' id='word_1_47' title='bbox 355 1188 432 1234; x_wconf 87' lang='lat' dir='ltr'><strong>se</strong></span> <span class='ocrx_word' id='word_1_48' title='bbox 459 1169 530 1233; x_wconf 92' lang='lat' dir='ltr'><strong>in</strong></span> <span class='ocrx_word' id='word_1_49' title='bbox 561 1175 862 1250; x_wconf 88' lang='lat' dir='ltr'><strong>tempore</strong></span> <span class='ocrx_word' id='word_1_50' title='bbox 890 1167 1248 1232; x_wconf 84' lang='lat' dir='ltr'><strong>affuturum</strong></span> <span class='ocrx_word' id='word_1_51' title='bbox 1274 1187 1454 1232; x_wconf 86' lang='lat' dir='ltr'><strong>esse.</strong></span> <span class='ocrx_word' id='word_1_52' title='bbox 1543 1167 1703 1232; x_wconf 86' lang='lat' dir='ltr'><strong>Hac</strong></span> <span class='ocrx_word' id='word_1_53' title='bbox 1744 1187 1895 1234; x_wconf 88' lang='lat' dir='ltr'><strong>cnm</strong></span> <span class='ocrx_word' id='word_1_54' title='bbox 1943 1188 2067 1252; x_wconf 90' lang='lat' dir='ltr'><strong>spe</strong></span> <span class='ocrx_word' id='word_1_55' title='bbox 2108 1167 2369 1234; x_wconf 85' lang='lat' dir='ltr'>dimissi</span> <span class='ocrx_word' id='word_1_56' title='bbox 2414 1169 2549 1236; x_wconf 88' lang='lat' dir='ltr'><strong>Ta-</strong></span> 
     </span>
     <span class='ocr_line' id='line_1_8' title="bbox 351 1270 2549 1356; baseline 0.001 -20"><span class='ocrx_word' id='word_1_57' title='bbox 351 1272 616 1336; x_wconf 85' lang='lat' dir='ltr'><strong>rentini.</strong></span> <span class='ocrx_word' id='word_1_58' title='bbox 708 1270 944 1355; x_wconf 87' lang='lat' dir='ltr'><strong>Ipsum</strong></span> <span class='ocrx_word' id='word_1_59' title='bbox 993 1271 1224 1350; x_wconf 73' lang='lat' dir='ltr'><strong>ingens</strong></span> <span class='ocrx_word' id='word_1_60' title='bbox 1267 1270 1518 1355; x_wconf 89' lang='lat' dir='ltr'><strong>cupido</strong></span> <span class='ocrx_word' id='word_1_61' title='bbox 1565 1271 1937 1336; x_wconf 81' lang='lat' dir='ltr'><strong>incesserat</strong></span> <span class='ocrx_word' id='word_1_62' title='bbox 1961 1271 2239 1336; x_wconf 86' lang='lat' dir='ltr'><strong>Tarenti</strong></span> <span class='ocrx_word' id='word_1_63' title='bbox 2282 1274 2549 1356; x_wconf 85' lang='lat' dir='ltr'><strong>potiun-</strong></span> 
     </span>
     <span class='ocr_line' id='line_1_9' title="bbox 351 1371 2551 1458; baseline 0.002 -19"><span class='ocrx_word' id='word_1_64' title='bbox 351 1375 476 1439; x_wconf 84' lang='lat' dir='ltr'><strong>di.¹¹</strong></span> <span class='ocrx_word' id='word_1_65' title='bbox 533 1373 789 1440; x_wconf 85' lang='lat' dir='ltr'><strong>Urbem</strong></span> <span class='ocrx_word' id='word_1_66' title='bbox 821 1392 975 1438; x_wconf 87' lang='lat' dir='ltr'><strong>esse</strong></span> <span class='ocrx_word' id='word_1_67' title='bbox 1003 1371 1300 1450; x_wconf 82' lang='lat' dir='ltr'><strong>videbat,</strong></span> <span class='ocrx_word' id='word_1_68' title='bbox 1321 1392 1470 1438; x_wconf 88' lang='lat' dir='ltr'><strong>cum</strong></span> <span class='ocrx_word' id='word_1_69' title='bbox 1503 1373 1889 1457; x_wconf 82' lang='lat' dir='ltr'><strong>opulentam</strong></span> <span class='ocrx_word' id='word_1_70' title='bbox 1922 1375 2380 1458; x_wconf 85' lang='lat' dir='ltr'><strong>nobilemque,</strong></span> <span class='ocrx_word' id='word_1_71' title='bbox 2409 1382 2551 1443; x_wconf 83' lang='lat' dir='ltr'><strong>tum</strong></span> 
     </span>
     <span class='ocr_line' id='line_1_10' title="bbox 349 1473 2549 1560; baseline 0.001 -18"><span class='ocrx_word' id='word_1_72' title='bbox 349 1477 776 1554; x_wconf 79' lang='lat' dir='ltr'><strong>maritimam,</strong></span> <span class='ocrx_word' id='word_1_73' title='bbox 821 1481 889 1541; x_wconf 90' lang='lat' dir='ltr'><strong>et</strong></span> <span class='ocrx_word' id='word_1_74' title='bbox 925 1478 990 1540; x_wconf 91' lang='lat' dir='ltr'><strong>in</strong></span> <span class='ocrx_word' id='word_1_75' title='bbox 1035 1473 1516 1540; x_wconf 85' lang='lat' dir='ltr'><strong>Macedoniam</strong></span> <span class='ocrx_word' id='word_1_76' title='bbox 1548 1485 1929 1560; x_wconf 81' lang='lat' dir='ltr'><strong>opportune</strong></span> <span class='ocrx_word' id='word_1_77' title='bbox 1950 1495 2257 1542; x_wconf 79' lang='lat' dir='ltr'><strong>versam=</strong></span> <span class='ocrx_word' id='word_1_78' title='bbox 2296 1497 2549 1560; x_wconf 82' lang='lat' dir='ltr'><strong>regem-</strong></span> 
     </span>
     <span class='ocr_line' id='line_1_11' title="bbox 349 1577 2547 1665; baseline 0.001 -21"><span class='ocrx_word' id='word_1_79' title='bbox 349 1601 486 1665; x_wconf 89' lang='lat' dir='ltr'><strong>que</strong></span> <span class='ocrx_word' id='word_1_80' title='bbox 519 1579 912 1664; x_wconf 85' lang='lat' dir='ltr'><strong>Philippum</strong></span> <span class='ocrx_word' id='word_1_81' title='bbox 953 1577 1130 1642; x_wconf 88' lang='lat' dir='ltr'><strong>hunc</strong></span> <span class='ocrx_word' id='word_1_82' title='bbox 1169 1583 1464 1662; x_wconf 89' lang='lat' dir='ltr'><strong>portum,</strong></span> <span class='ocrx_word' id='word_1_83' title='bbox 1507 1581 1566 1644; x_wconf 90' lang='lat' dir='ltr'><strong>si</strong></span> <span class='ocrx_word' id='word_1_84' title='bbox 1597 1579 1907 1644; x_wconf 83' lang='lat' dir='ltr'><strong>transiret</strong></span> <span class='ocrx_word' id='word_1_85' title='bbox 1952 1579 2023 1644; x_wconf 93' lang='lat' dir='ltr'><strong>in</strong></span> <span class='ocrx_word' id='word_1_86' title='bbox 2062 1578 2349 1658; x_wconf 87' lang='lat' dir='ltr'><strong>Italiam,</strong></span> <span class='ocrx_word' id='word_1_87' title='bbox 2392 1599 2547 1646; x_wconf 87' lang='lat' dir='ltr'><strong>cum</strong></span> 
     </span>
     <span class='ocr_line' id='line_1_12' title="bbox 349 1673 2545 1766; baseline -0.001 -16"><span class='ocrx_word' id='word_1_88' title='bbox 349 1681 786 1750; x_wconf 88' lang='lat' dir='ltr'><strong>Brundisium</strong></span> <span class='ocrx_word' id='word_1_89' title='bbox 817 1680 1104 1746; x_wconf 88' lang='lat' dir='ltr'><strong>Romani</strong></span> <span class='ocrx_word' id='word_1_90' title='bbox 1133 1681 1476 1760; x_wconf 86' lang='lat' dir='ltr'><strong>haberent,</strong></span> <span class='ocrx_word' id='word_1_91' title='bbox 1507 1681 1899 1765; x_wconf 87' lang='lat' dir='ltr'><strong>petiturum.</strong></span> <span class='ocrx_word' id='word_1_92' title='bbox 1970 1681 2183 1748; x_wconf 90' lang='lat' dir='ltr'><strong>Sacro</strong></span> <span class='ocrx_word' id='word_1_93' title='bbox 2208 1682 2369 1747; x_wconf 87' lang='lat' dir='ltr'><strong>inde</strong></span> <span class='ocrx_word' id='word_1_94' title='bbox 2396 1673 2545 1766; x_wconf 85' lang='lat' dir='ltr'><strong>pe&#39;r-</strong></span> 
     </span>
     <span class='ocr_line' id='line_1_13' title="bbox 347 1783 2547 1872; baseline -0.001 -20"><span class='ocrx_word' id='word_1_95' title='bbox 347 1793 638 1872; x_wconf 87' lang='lat' dir='ltr'><strong>petrato,</strong></span> <span class='ocrx_word' id='word_1_96' title='bbox 679 1784 763 1850; x_wconf 90' lang='lat' dir='ltr'><strong>ad</strong></span> <span class='ocrx_word' id='word_1_97' title='bbox 811 1784 996 1871; x_wconf 89' lang='lat' dir='ltr'><strong>quod</strong></span> <span class='ocrx_word' id='word_1_98' title='bbox 1029 1793 1330 1862; x_wconf 82' lang='lat' dir='ltr'><strong>venerat,</strong></span> <span class='ocrx_word' id='word_1_99' title='bbox 1371 1791 1462 1864; x_wconf 90' lang='lat' dir='ltr'><strong>et,</strong></span> <span class='ocrx_word' id='word_1_100' title='bbox 1491 1783 1650 1851; x_wconf 89' lang='lat' dir='ltr'><strong>dum</strong></span> <span class='ocrx_word' id='word_1_101' title='bbox 1685 1785 1781 1849; x_wconf 92' lang='lat' dir='ltr'><strong>ibi</strong></span> <span class='ocrx_word' id='word_1_102' title='bbox 1810 1791 2129 1863; x_wconf 85' lang='lat' dir='ltr'><strong>moratur,</strong></span> <span class='ocrx_word' id='word_1_103' title='bbox 2157 1791 2547 1868; x_wconf 83' lang='lat' dir='ltr'><strong>pervastato</strong></span> 
     </span>
     <span class='ocr_line' id='line_1_14' title="bbox 349 1886 2547 1974; baseline -0 -19"><span class='ocrx_word' id='word_1_104' title='bbox 349 1908 511 1972; x_wconf 82' lang='lat' dir='ltr'><strong>agro</strong></span> <span class='ocrx_word' id='word_1_105' title='bbox 555 1886 858 1954; x_wconf 86' lang='lat' dir='ltr'><strong>Cumano</strong></span> <span class='ocrx_word' id='word_1_106' title='bbox 905 1906 1123 1974; x_wconf 82' lang='lat' dir='ltr'><strong>usque</strong></span> <span class='ocrx_word' id='word_1_107' title='bbox 1147 1887 1262 1953; x_wconf 86' lang='lat' dir='ltr'><strong>.ad</strong></span> <span class='ocrx_word' id='word_1_108' title='bbox 1311 1887 1564 1954; x_wconf 88' lang='lat' dir='ltr'><strong>Miseni</strong></span> <span class='ocrx_word' id='word_1_109' title='bbox 1615 1887 2180 1972; x_wconf 84' lang='lat' dir='ltr'><strong>promontorium,⁰</strong></span> <span class='ocrx_word' id='word_1_110' title='bbox 2219 1887 2547 1954; x_wconf 75' lang='lat' dir='ltr'><strong>Puteolos</strong></span> 
     </span>
     <span class='ocr_line' id='line_1_15' title="bbox 345 1989 2546 2077; baseline 0 -21"><span class='ocrx_word' id='word_1_111' title='bbox 345 1997 618 2075; x_wconf 86' lang='lat' dir='ltr'><strong>repente</strong></span> <span class='ocrx_word' id='word_1_112' title='bbox 649 2010 888 2076; x_wconf 83' lang='lat' dir='ltr'><strong>agmen</strong></span> <span class='ocrx_word' id='word_1_113' title='bbox 919 1991 1266 2066; x_wconf 79' lang='lat' dir='ltr'><strong>convertit,</strong></span> <span class='ocrx_word' id='word_1_114' title='bbox 1300 1990 1387 2056; x_wconf 90' lang='lat' dir='ltr'><strong>ad</strong></span> <span class='ocrx_word' id='word_1_115' title='bbox 1416 1991 1927 2075; x_wconf 89' lang='lat' dir='ltr'><strong>opprimendum</strong></span> <span class='ocrx_word' id='word_1_116' title='bbox 1972 1989 2363 2077; x_wconf 77' lang='lat' dir='ltr'><strong>praesidium</strong></span> <span class='ocrx_word' id='word_1_117' title='bbox 2404 1990 2546 2056; x_wconf 87' lang='lat' dir='ltr'><strong>Ro-</strong></span> 
     </span>
     <span class='ocr_line' id='line_1_16' title="bbox 345 2092 2545 2173; baseline 0.001 -15"><span class='ocrx_word' id='word_1_118' title='bbox 345 2113 638 2160; x_wconf 85' lang='lat' dir='ltr'><strong>manurn.</strong></span> <span class='ocrx_word' id='word_1_119' title='bbox 725 2094 871 2160; x_wconf 87' lang='lat' dir='ltr'><strong>Sex</strong></span> <span class='ocrx_word' id='word_1_120' title='bbox 901 2093 1119 2159; x_wconf 88' lang='lat' dir='ltr'><strong>millia</strong></span> <span class='ocrx_word' id='word_1_121' title='bbox 1167 2092 1506 2159; x_wconf 86' lang='lat' dir='ltr'><strong>hominum</strong></span> <span class='ocrx_word' id='word_1_122' title='bbox 1549 2098 1762 2173; x_wconf 84' lang='lat' dir='ltr'><strong>erant,</strong></span> <span class='ocrx_word' id='word_1_123' title='bbox 1792 2102 1864 2160; x_wconf 90' lang='lat' dir='ltr'><strong>et</strong></span> <span class='ocrx_word' id='word_1_124' title='bbox 1906 2094 2103 2160; x_wconf 85' lang='lat' dir='ltr'><strong>locus</strong></span> <span class='ocrx_word' id='word_1_125' title='bbox 2142 2095 2545 2162; x_wconf 87' lang='lat' dir='ltr'><strong>munimento</strong></span> 
     </span>
     <span class='ocr_line' id='line_1_17' title="bbox 347 2196 2546 2283; baseline 0 -19"><span class='ocrx_word' id='word_1_126' title='bbox 347 2217 644 2283; x_wconf 87' lang='lat' dir='ltr'><strong>quoque,</strong></span> <span class='ocrx_word' id='word_1_127' title='bbox 675 2217 806 2264; x_wconf 88' lang='lat' dir='ltr'><strong>non</strong></span> <span class='ocrx_word' id='word_1_128' title='bbox 854 2205 1101 2263; x_wconf 85' lang='lat' dir='ltr'><strong>natura</strong></span> <span class='ocrx_word' id='word_1_129' title='bbox 1149 2197 1375 2274; x_wconf 89' lang='lat' dir='ltr'><strong>modo,</strong></span> <span class='ocrx_word' id='word_1_130' title='bbox 1427 2201 1638 2262; x_wconf 87' lang='lat' dir='ltr'><strong>tutus.</strong></span> <span class='ocrx_word' id='word_1_131' title='bbox 1723 2196 2050 2262; x_wconf 85' lang='lat' dir='ltr'><strong>Triduum</strong></span> <span class='ocrx_word' id='word_1_132' title='bbox 2098 2196 2195 2262; x_wconf 86' lang='lat' dir='ltr'><strong>ibi</strong></span> <span class='ocrx_word' id='word_1_133' title='bbox 2241 2203 2546 2264; x_wconf 77' lang='lat' dir='ltr'><strong>moratus</strong></span> 
     </span>
     <span class='ocr_line' id='line_1_18' title="bbox 345 2297 2547 2386; baseline -0.001 -20"><span class='ocrx_word' id='word_1_134' title='bbox 345 2299 626 2380; x_wconf 86' lang='lat' dir='ltr'><strong>Poenus,</strong></span> <span class='ocrx_word' id='word_1_135' title='bbox 659 2301 746 2366; x_wconf 88' lang='lat' dir='ltr'><strong>ab</strong></span> <span class='ocrx_word' id='word_1_136' title='bbox 791 2300 977 2366; x_wconf 85' lang='lat' dir='ltr'><strong>omni</strong></span> <span class='ocrx_word' id='word_1_137' title='bbox 1019 2306 1208 2386; x_wconf 89' lang='lat' dir='ltr'><strong>parte</strong></span> <span class='ocrx_word' id='word_1_138' title='bbox 1257 2305 1514 2365; x_wconf 87' lang='lat' dir='ltr'><strong>tentato</strong></span> <span class='ocrx_word' id='word_1_139' title='bbox 1559 2298 1908 2384; x_wconf 66' lang='lat' dir='ltr'><strong>praesidio,</strong></span> <span class='ocrx_word' id='word_1_140' title='bbox 1952 2298 2217 2376; x_wconf 91' lang='lat' dir='ltr'><strong>deinde,</strong></span> <span class='ocrx_word' id='word_1_141' title='bbox 2261 2308 2337 2364; x_wconf 89' lang='lat' dir='ltr'><strong>ut</strong></span> <span class='ocrx_word' id='word_1_142' title='bbox 2376 2297 2547 2364; x_wconf 87' lang='lat' dir='ltr'><strong>nihil</strong></span> 
     </span>
     <span class='ocr_line' id='line_1_19' title="bbox 343 2400 2544 2487; baseline 0 -19"><span class='ocrx_word' id='word_1_143' title='bbox 343 2403 782 2487; x_wconf 82' lang='lat' dir='ltr'><strong>procedebat,</strong></span> <span class='ocrx_word' id='word_1_144' title='bbox 815 2403 903 2468; x_wconf 83' lang='lat' dir='ltr'><strong>ad</strong></span> <span class='ocrx_word' id='word_1_145' title='bbox 947 2401 1413 2487; x_wconf 85' lang='lat' dir='ltr'><strong>populandum</strong></span> <span class='ocrx_word' id='word_1_146' title='bbox 1455 2419 1687 2484; x_wconf 80' lang='lat' dir='ltr'><strong>agrum</strong></span> <span class='ocrx_word' id='word_1_147' title='bbox 1730 2400 2280 2486; x_wconf 73' lang='lat' dir='ltr'><strong>Neapolitanum,</strong></span> <span class='ocrx_word' id='word_1_148' title='bbox 2324 2401 2544 2483; x_wconf 80' lang='lat' dir='ltr'><strong>magis</strong></span> 
     </span>
     <span class='ocr_line' id='line_1_20' title="bbox 339 2502 2543 2590; baseline 0 -20"><span class='ocrx_word' id='word_1_149' title='bbox 339 2505 448 2570; x_wconf 89' lang='lat' dir='ltr'><strong>ira</strong></span> <span class='ocrx_word' id='word_1_150' title='bbox 473 2525 676 2590; x_wconf 89' lang='lat' dir='ltr'><strong>quam</strong></span> <span class='ocrx_word' id='word_1_151' title='bbox 709 2505 1058 2590; x_wconf 81' lang='lat' dir='ltr'><strong>potiundae</strong></span> <span class='ocrx_word' id='word_1_152' title='bbox 1089 2505 1277 2570; x_wconf 86' lang='lat' dir='ltr'><strong>urbis</strong></span> <span class='ocrx_word' id='word_1_153' title='bbox 1307 2523 1456 2588; x_wconf 85' lang='lat' dir='ltr'><strong>spe,</strong></span> <span class='ocrx_word' id='word_1_154' title='bbox 1483 2503 1838 2588; x_wconf 84' lang='lat' dir='ltr'><strong>processit.</strong></span> <span class='ocrx_word' id='word_1_155' title='bbox 1926 2502 2240 2570; x_wconf 78' lang='lat' dir='ltr'><strong>Adventu</strong></span> <span class='ocrx_word' id='word_1_156' title='bbox 2278 2503 2427 2588; x_wconf 82' lang='lat' dir='ltr'><strong>ejus</strong></span> <span class='ocrx_word' id='word_1_157' title='bbox 2470 2505 2543 2570; x_wconf 85' lang='lat' dir='ltr'><strong>in</strong></span> 
     </span>
     <span class='ocr_line' id='line_1_21' title="bbox 329 2605 2544 2694; baseline 0.001 -23"><span class='ocrx_word' id='word_1_158' title='bbox 329 2607 798 2694; x_wconf 77' lang='lat' dir='ltr'><strong>propinquum</strong></span> <span class='ocrx_word' id='word_1_159' title='bbox 829 2627 1063 2691; x_wconf 82' lang='lat' dir='ltr'><strong>agrum</strong></span> <span class='ocrx_word' id='word_1_160' title='bbox 1094 2607 1360 2674; x_wconf 90' lang='lat' dir='ltr'><strong>Nolana</strong></span> <span class='ocrx_word' id='word_1_161' title='bbox 1400 2611 1586 2674; x_wconf 86' lang='lat' dir='ltr'><strong>mota</strong></span> <span class='ocrx_word' id='word_1_162' title='bbox 1608 2611 1713 2673; x_wconf 86' lang='lat' dir='ltr'><strong>est</strong></span> <span class='ocrx_word' id='word_1_163' title='bbox 1740 2606 1961 2691; x_wconf 84' lang='lat' dir='ltr'><strong>plebs,</strong></span> <span class='ocrx_word' id='word_1_164' title='bbox 1978 2606 2122 2692; x_wconf 90' lang='lat' dir='ltr'><strong>jam</strong></span> <span class='ocrx_word' id='word_1_165' title='bbox 2152 2605 2273 2681; x_wconf 77' lang='lat' dir='ltr'><strong>din,</strong></span> <span class='ocrx_word' id='word_1_166' title='bbox 2300 2622 2544 2674; x_wconf 81' lang='lat' dir='ltr'><strong>aversa</strong></span> 
     </span>
     <span class='ocr_line' id='line_1_22' title="bbox 341 2706 2542 2794; baseline 0 -19"><span class='ocrx_word' id='word_1_167' title='bbox 341 2711 432 2776; x_wconf 90' lang='lat' dir='ltr'><strong>ab</strong></span> <span class='ocrx_word' id='word_1_168' title='bbox 457 2710 784 2777; x_wconf 86' lang='lat' dir='ltr'><strong>Romanis</strong></span> <span class='ocrx_word' id='word_1_169' title='bbox 807 2718 878 2776; x_wconf 89' lang='lat' dir='ltr'><strong>et</strong></span> <span class='ocrx_word' id='word_1_170' title='bbox 905 2711 1148 2778; x_wconf 85' lang='lat' dir='ltr'><strong>infesta</strong></span> <span class='ocrx_word' id='word_1_171' title='bbox 1175 2711 1438 2776; x_wconf 86' lang='lat' dir='ltr'><strong>senatui</strong></span> <span class='ocrx_word' id='word_1_172' title='bbox 1469 2728 1619 2776; x_wconf 85' lang='lat' dir='ltr'><strong>suo.</strong></span> <span class='ocrx_word' id='word_1_173' title='bbox 1709 2709 1949 2794; x_wconf 89' lang='lat' dir='ltr'><strong>Itaque</strong></span> <span class='ocrx_word' id='word_1_174' title='bbox 1976 2706 2182 2793; x_wconf 79' lang='lat' dir='ltr'><strong>legati</strong></span> <span class='ocrx_word' id='word_1_175' title='bbox 2202 2707 2289 2773; x_wconf 90' lang='lat' dir='ltr'><strong>ad</strong></span> <span class='ocrx_word' id='word_1_176' title='bbox 2320 2728 2542 2777; x_wconf 86' lang='lat' dir='ltr'><strong>arces-</strong></span> 
     </span>
     <span class='ocr_line' id='line_1_23' title="bbox 340 2811 2541 2897; baseline 0.001 -18"><span class='ocrx_word' id='word_1_177' title='bbox 340 2812 626 2879; x_wconf 78' lang='lat' dir='ltr'><strong>sendum</strong></span> <span class='ocrx_word' id='word_1_178' title='bbox 653 2814 1138 2892; x_wconf 85' lang='lat' dir='ltr'><strong>Hannibalem,</strong></span> <span class='ocrx_word' id='word_1_179' title='bbox 1183 2834 1335 2879; x_wconf 88' lang='lat' dir='ltr'><strong>cum</strong></span> <span class='ocrx_word' id='word_1_180' title='bbox 1380 2814 1558 2879; x_wconf 90' lang='lat' dir='ltr'><strong>haud</strong></span> <span class='ocrx_word' id='word_1_181' title='bbox 1590 2813 1801 2879; x_wconf 86' lang='lat' dir='ltr'><strong>dubio</strong></span> <span class='ocrx_word' id='word_1_182' title='bbox 1837 2814 2171 2897; x_wconf 79' lang='lat' dir='ltr'><strong>promisso</strong></span> <span class='ocrx_word' id='word_1_183' title='bbox 2198 2811 2541 2881; x_wconf 77' lang='lat' dir='ltr'><strong>tradendae</strong></span> 
     </span>
     <span class='ocr_line' id='line_1_24' title="bbox 339 2914 2539 3001; baseline 0 -20"><span class='ocrx_word' id='word_1_184' title='bbox 339 2916 553 2996; x_wconf 70' lang='lat' dir='ltr'><strong>urbia,</strong></span> <span class='ocrx_word' id='word_1_185' title='bbox 577 2924 922 2983; x_wconf 84' lang='lat' dir='ltr'><strong>venerunt.</strong></span> <span class='ocrx_word' id='word_1_186' title='bbox 991 2916 1333 2983; x_wconf 77' lang='lat' dir='ltr'><strong>Praevenit</strong></span> <span class='ocrx_word' id='word_1_187' title='bbox 1357 2918 1697 3001; x_wconf 88' lang='lat' dir='ltr'><strong>inceptum</strong></span> <span class='ocrx_word' id='word_1_188' title='bbox 1724 2934 1958 2981; x_wconf 86' lang='lat' dir='ltr'><strong>eorum</strong></span> <span class='ocrx_word' id='word_1_189' title='bbox 1990 2914 2358 2983; x_wconf 71' lang='lat' dir='ltr'><strong>Marcellus</strong></span> <span class='ocrx_word' id='word_1_190' title='bbox 2378 2934 2539 2983; x_wconf 86' lang='lat' dir='ltr'><strong>con-</strong></span> 
     </span>
    </p>
   </div>
   <div class='ocr_carea' id='block_1_3' title="bbox 1329 3050 1693 3137">
    <p class='ocr_par' dir='ltr' id='par_1_3' title="bbox 1329 3050 1693 3137">
     <span class='ocr_line' id='line_1_25' title="bbox 1329 3050 1693 3137; baseline -0.005 0"><span class='ocrx_word' id='word_1_191' title='bbox 1329 3084 1545 3137; x_wconf 71' lang='lat' dir='ltr'><strong>nom:</strong></span> <span class='ocrx_word' id='word_1_192' title='bbox 1587 3064 1604 3083; x_wconf 62' lang='lat'>⁸</span> <span class='ocrx_word' id='word_1_193' title='bbox 1668 3050 1693 3075; x_wconf 76' lang='lat'><em>⁶</em></span> 
     </span>
    </p>
   </div>
   <div class='ocr_carea' id='block_1_4' title="bbox 325 3181 2543 4478">
    <p class='ocr_par' dir='ltr' id='par_1_4' title="bbox 401 3181 1598 3247">
     <span class='ocr_line' id='line_1_26' title="bbox 401 3181 1598 3247; baseline -0.003 -12"><span class='ocrx_word' id='word_1_194' title='bbox 401 3192 427 3219; x_wconf 81' lang='lat'>¹</span> <span class='ocrx_word' id='word_1_195' title='bbox 449 3184 645 3235; x_wconf 71' lang='lat' dir='ltr'><strong>Tarenti</strong></span> <span class='ocrx_word' id='word_1_196' title='bbox 659 3181 903 3247; x_wconf 66' lang='lat' dir='ltr'><strong>potiundi]</strong></span> <span class='ocrx_word' id='word_1_197' title='bbox 923 3182 1225 3239; x_wconf 77' lang='lat' dir='ltr'><strong>Tarentum,</strong></span> <span class='ocrx_word' id='word_1_198' title='bbox 1247 3198 1279 3232; x_wconf 79' lang='lat' dir='ltr'><strong>a</strong></span> <span class='ocrx_word' id='word_1_199' title='bbox 1302 3196 1405 3247; x_wconf 85' lang='lat' dir='ltr'><strong>qno</strong></span> <span class='ocrx_word' id='word_1_200' title='bbox 1475 3181 1598 3233; x_wconf 61' lang='lat' dir='ltr'><strong>dae!</strong></span> 
     </span>
    </p>

    <p class='ocr_par' dir='ltr' id='par_1_5' title="bbox 325 3256 2543 4478">
     <span class='ocr_line' id='line_1_27' title="bbox 335 3256 2543 3322; baseline -0.001 -10"><span class='ocrx_word' id='word_1_201' title='bbox 335 3262 481 3312; x_wconf 73' lang='lat' dir='ltr'><strong>sinus</strong></span> <span class='ocrx_word' id='word_1_202' title='bbox 519 3259 848 3322; x_wconf 71' lang='lat' dir='ltr'><strong>Tarentinus,</strong></span> <span class='ocrx_word' id='word_1_203' title='bbox 897 3259 1078 3320; x_wconf 83' lang='lat' dir='ltr'><strong>Siculi,</strong></span> <span class='ocrx_word' id='word_1_204' title='bbox 1123 3273 1216 3309; x_wconf 73' lang='lat' dir='ltr'><strong>reu</strong></span> <span class='ocrx_word' id='word_1_205' title='bbox 1270 3258 1404 3309; x_wconf 88' lang='lat' dir='ltr'><strong>Ionii</strong></span> <span class='ocrx_word' id='word_1_206' title='bbox 1539 3266 1564 3292; x_wconf 85' lang='lat'>⁰</span> <span class='ocrx_word' id='word_1_207' title='bbox 1595 3256 1679 3308; x_wconf 72' lang='lat' dir='ltr'><strong>Aa</strong></span> <span class='ocrx_word' id='word_1_208' title='bbox 1700 3256 1881 3307; x_wconf 72' lang='lat' dir='ltr'><strong>Miseni</strong></span> <span class='ocrx_word' id='word_1_209' title='bbox 1911 3256 2303 3322; x_wconf 69' lang='lat' dir='ltr'><strong>prmwrtm]</strong></span> <span class='ocrx_word' id='word_1_210' title='bbox 2334 3257 2543 3310; x_wconf 83' lang='lat' dir='ltr'><strong>Nomen</strong></span> 
     </span>
     <span class='ocr_line' id='line_1_28' title="bbox 333 3335 2539 3403; baseline -0 -13"><span class='ocrx_word' id='word_1_211' title='bbox 333 3340 490 3390; x_wconf 72' lang='lat' dir='ltr'><strong>marie</strong></span> <span class='ocrx_word' id='word_1_212' title='bbox 529 3352 668 3403; x_wconf 74' lang='lat' dir='ltr'><strong>porr,</strong></span> <span class='ocrx_word' id='word_1_213' title='bbox 703 3337 756 3385; x_wconf 90' lang='lat' dir='ltr'><strong>in</strong></span> <span class='ocrx_word' id='word_1_214' title='bbox 795 3336 942 3401; x_wconf 65' lang='lat' dir='ltr'><strong>cnjus</strong></span> <span class='ocrx_word' id='word_1_215' title='bbox 981 3336 1160 3387; x_wconf 85' lang='lat' dir='ltr'><strong>intimo</strong></span> <span class='ocrx_word' id='word_1_216' title='bbox 1196 3348 1404 3385; x_wconf 74' lang='lat' dir='ltr'><strong>recena</strong></span> <span class='ocrx_word' id='word_1_217' title='bbox 1476 3336 1744 3399; x_wconf 67' lang='lat' dir='ltr'><strong>occepisse</strong></span> <span class='ocrx_word' id='word_1_218' title='bbox 1788 3336 2015 3387; x_wconf 77' lang='lat' dir='ltr'><strong>traditur</strong></span> <span class='ocrx_word' id='word_1_219' title='bbox 2049 3351 2082 3386; x_wconf 74' lang='lat' dir='ltr'><strong>a</strong></span> <span class='ocrx_word' id='word_1_220' title='bbox 2114 3335 2319 3387; x_wconf 69' lang='lat' dir='ltr'><strong>Miseno</strong></span> <span class='ocrx_word' id='word_1_221' title='bbox 2356 3336 2539 3389; x_wconf 67' lang='lat' dir='ltr'><strong>AEnem</strong></span> 
     </span>
     <span class='ocr_line' id='line_1_29' title="bbox 333 3411 2539 3478; baseline -0.001 -11"><span class='ocrx_word' id='word_1_222' title='bbox 333 3416 552 3467; x_wconf 73' lang='lat' dir='ltr'><strong>condita</strong></span> <span class='ocrx_word' id='word_1_223' title='bbox 586 3412 689 3465; x_wconf 80' lang='lat' dir='ltr'><strong>suit</strong></span> <span class='ocrx_word' id='word_1_224' title='bbox 730 3414 812 3465; x_wconf 79' lang='lat' dir='ltr'><strong>vei</strong></span> <span class='ocrx_word' id='word_1_225' title='bbox 859 3420 1020 3477; x_wconf 78' lang='lat' dir='ltr'><strong>capta</strong></span> <span class='ocrx_word' id='word_1_226' title='bbox 1058 3428 1091 3463; x_wconf 84' lang='lat' dir='ltr'><strong>a</strong></span> <span class='ocrx_word' id='word_1_227' title='bbox 1132 3412 1410 3478; x_wconf 76' lang='lat' dir='ltr'><strong>Phalanto,</strong></span> <span class='ocrx_word' id='word_1_228' title='bbox 1475 3411 1705 3462; x_wconf 82' lang='lat' dir='ltr'><strong>tubicine</strong></span> <span class='ocrx_word' id='word_1_229' title='bbox 1726 3412 1801 3461; x_wconf 87' lang='lat' dir='ltr'><strong>ibi</strong></span> <span class='ocrx_word' id='word_1_230' title='bbox 1822 3412 2055 3476; x_wconf 71' lang='lat' dir='ltr'><strong>sepulto:</strong></span> <span class='ocrx_word' id='word_1_231' title='bbox 2077 3426 2369 3477; x_wconf 74' lang='lat' dir='ltr'><strong>quanquam</strong></span> <span class='ocrx_word' id='word_1_232' title='bbox 2390 3412 2539 3464; x_wconf 74' lang='lat' dir='ltr'><strong>Stra·</strong></span> 
     </span>
     <span class='ocr_line' id='line_1_30' title="bbox 334 3486 2540 3543; baseline 0 -1"><span class='ocrx_word' id='word_1_233' title='bbox 334 3492 546 3543; x_wconf 77' lang='lat' dir='ltr'><strong>exulum</strong></span> <span class='ocrx_word' id='word_1_234' title='bbox 562 3492 822 3541; x_wconf 77' lang='lat' dir='ltr'><strong>Laconum</strong></span> <span class='ocrx_word' id='word_1_235' title='bbox 837 3488 1289 3539; x_wconf 75' lang='lat' dir='ltr'><strong>Partheniatarnm</strong></span> <span class='ocrx_word' id='word_1_236' title='bbox 1306 3489 1399 3538; x_wconf 89' lang='lat' dir='ltr'><strong>dn·</strong></span> <span class='ocrx_word' id='word_1_237' title='bbox 1467 3486 1540 3537; x_wconf 86' lang='lat' dir='ltr'><strong>bo</strong></span> <span class='ocrx_word' id='word_1_238' title='bbox 1561 3488 1809 3539; x_wconf 72' lang='lat' dir='ltr'><strong>Baiarum</strong></span> <span class='ocrx_word' id='word_1_239' title='bbox 1832 3496 1887 3540; x_wconf 88' lang='lat' dir='ltr'><strong>et</strong></span> <span class='ocrx_word' id='word_1_240' title='bbox 1910 3488 2098 3539; x_wconf 73' lang='lat' dir='ltr'><strong>Miseni</strong></span> <span class='ocrx_word' id='word_1_241' title='bbox 2132 3490 2337 3539; x_wconf 77' lang='lat' dir='ltr'><strong>nomina</strong></span> <span class='ocrx_word' id='word_1_242' title='bbox 2365 3488 2434 3540; x_wconf 72' lang='lat' dir='ltr'><strong>ab</strong></span> <span class='ocrx_word' id='word_1_243' title='bbox 2457 3504 2540 3543; x_wconf 71' lang='lat' dir='ltr'><strong>no·</strong></span> 
     </span>
     <span class='ocr_line' id='line_1_31' title="bbox 333 3562 2538 3631; baseline -0.001 -13"><span class='ocrx_word' id='word_1_244' title='bbox 333 3580 418 3631; x_wconf 83' lang='lat' dir='ltr'><strong>ce,</strong></span> <span class='ocrx_word' id='word_1_245' title='bbox 442 3568 496 3617; x_wconf 87' lang='lat' dir='ltr'><strong>in</strong></span> <span class='ocrx_word' id='word_1_246' title='bbox 519 3565 792 3617; x_wconf 68' lang='lat' dir='ltr'><strong>Calabria:</strong></span> <span class='ocrx_word' id='word_1_247' title='bbox 833 3574 938 3614; x_wconf 87' lang='lat' dir='ltr'><strong>tum</strong></span> <span class='ocrx_word' id='word_1_248' title='bbox 970 3564 1324 3629; x_wconf 76' lang='lat' dir='ltr'><strong>magnitudine</strong></span> <span class='ocrx_word' id='word_1_249' title='bbox 1345 3570 1403 3615; x_wconf 90' lang='lat' dir='ltr'><strong>et</strong></span> <span class='ocrx_word' id='word_1_250' title='bbox 1472 3564 1564 3614; x_wconf 71' lang='lat' dir='ltr'><strong>ciis</strong></span> <span class='ocrx_word' id='word_1_251' title='bbox 1579 3564 1778 3629; x_wconf 72' lang='lat' dir='ltr'><strong>Uiysais</strong></span> <span class='ocrx_word' id='word_1_252' title='bbox 1798 3562 2021 3622; x_wconf 79' lang='lat' dir='ltr'><strong>derivat,</strong></span> <span class='ocrx_word' id='word_1_253' title='bbox 2042 3566 2131 3630; x_wconf 87' lang='lat' dir='ltr'><strong>qui</strong></span> <span class='ocrx_word' id='word_1_254' title='bbox 2150 3564 2227 3614; x_wconf 72' lang='lat' dir='ltr'><strong>hi·</strong></span> <span class='ocrx_word' id='word_1_255' title='bbox 2246 3564 2538 3617; x_wconf 67' lang='lat' dir='ltr'><strong>nominibus</strong></span> 
     </span>
     <span class='ocr_line' id='line_1_32' title="bbox 333 3640 2537 3709; baseline -0.002 -14"><span class='ocrx_word' id='word_1_256' title='bbox 333 3645 498 3696; x_wconf 74' lang='lat' dir='ltr'><strong>muri·</strong></span> <span class='ocrx_word' id='word_1_257' title='bbox 517 3650 774 3709; x_wconf 87' lang='lat' dir='ltr'><strong>portuque</strong></span> <span class='ocrx_word' id='word_1_258' title='bbox 790 3642 998 3705; x_wconf 71' lang='lat' dir='ltr'><strong>nobilis,</strong></span> <span class='ocrx_word' id='word_1_259' title='bbox 1015 3652 1122 3693; x_wconf 87' lang='lat' dir='ltr'><strong>tum</strong></span> <span class='ocrx_word' id='word_1_260' title='bbox 1147 3643 1400 3694; x_wconf 77' lang='lat' dir='ltr'><strong>mirabilis</strong></span> <span class='ocrx_word' id='word_1_261' title='bbox 1471 3640 1617 3691; x_wconf 87' lang='lat' dir='ltr'><strong>dieti.</strong></span> <span class='ocrx_word' id='word_1_262' title='bbox 1687 3642 1856 3692; x_wconf 79' lang='lat' dir='ltr'><strong>Situm</strong></span> <span class='ocrx_word' id='word_1_263' title='bbox 1881 3640 2041 3691; x_wconf 76' lang='lat' dir='ltr'><strong>habet</strong></span> <span class='ocrx_word' id='word_1_264' title='bbox 2070 3642 2206 3691; x_wconf 87' lang='lat' dir='ltr'><strong>ultra</strong></span> <span class='ocrx_word' id='word_1_265' title='bbox 2226 3643 2435 3705; x_wconf 70' lang='lat' dir='ltr'><strong>cumn,</strong></span> <span class='ocrx_word' id='word_1_266' title='bbox 2467 3654 2537 3691; x_wconf 83' lang='lat' dir='ltr'><strong>ex</strong></span> 
     </span>
     <span class='ocr_line' id='line_1_33' title="bbox 336 3716 2537 3785; baseline -0.001 -15"><span class='ocrx_word' id='word_1_267' title='bbox 336 3720 446 3775; x_wconf 69' lang='lat' dir='ltr'><strong>nitu</strong></span> <span class='ocrx_word' id='word_1_268' title='bbox 465 3719 690 3785; x_wconf 85' lang='lat' dir='ltr'><strong>(quippe</strong></span> <span class='ocrx_word' id='word_1_269' title='bbox 721 3720 773 3770; x_wconf 92' lang='lat' dir='ltr'><strong>in</strong></span> <span class='ocrx_word' id='word_1_270' title='bbox 806 3718 933 3783; x_wconf 71' lang='lat' dir='ltr'><strong>ipsi·</strong></span> <span class='ocrx_word' id='word_1_271' title='bbox 955 3716 1210 3769; x_wconf 73' lang='lat' dir='ltr'><strong>Adriatici</strong></span> <span class='ocrx_word' id='word_1_272' title='bbox 1243 3719 1401 3769; x_wconf 71' lang='lat' dir='ltr'><strong>mario</strong></span> <span class='ocrx_word' id='word_1_273' title='bbox 1471 3717 1696 3768; x_wconf 73' lang='lat' dir='ltr'><strong>adverso</strong></span> <span class='ocrx_word' id='word_1_274' title='bbox 1728 3718 1974 3776; x_wconf 72' lang='lat' dir='ltr'><strong>AEnariae,</strong></span> <span class='ocrx_word' id='word_1_275' title='bbox 2008 3732 2103 3768; x_wconf 72' lang='lat' dir='ltr'><strong>eeu</strong></span> <span class='ocrx_word' id='word_1_276' title='bbox 2142 3718 2421 3781; x_wconf 66' lang='lat' dir='ltr'><strong>Prochyta</strong></span> <span class='ocrx_word' id='word_1_277' title='bbox 2458 3718 2537 3768; x_wconf 81' lang='lat' dir='ltr'><strong>in·</strong></span> 
     </span>
     <span class='ocr_line' id='line_1_34' title="bbox 329 3792 2539 3861; baseline -0.002 -14"><span class='ocrx_word' id='word_1_278' title='bbox 329 3793 567 3847; x_wconf 74' lang='lat' dir='ltr'><strong>faucibus</strong></span> <span class='ocrx_word' id='word_1_279' title='bbox 580 3795 916 3859; x_wconf 76' lang='lat' dir='ltr'><strong>posita,utoit</strong></span> <span class='ocrx_word' id='word_1_280' title='bbox 933 3792 1402 3858; x_wconf 74' lang='lat' dir='ltr'><strong>Floruei.r.e.18.)</strong></span> <span class='ocrx_word' id='word_1_281' title='bbox 1467 3794 1610 3845; x_wconf 66' lang='lat' dir='ltr'><strong>enlm.</strong></span> <span class='ocrx_word' id='word_1_282' title='bbox 1691 3794 1869 3845; x_wconf 86' lang='lat' dir='ltr'><strong>Hodie</strong></span> <span class='ocrx_word' id='word_1_283' title='bbox 1909 3808 2113 3861; x_wconf 84' lang='lat' dir='ltr'><strong>quoque</strong></span> <span class='ocrx_word' id='word_1_284' title='bbox 2154 3801 2368 3845; x_wconf 75' lang='lat' dir='ltr'><strong>vocatur</strong></span> <span class='ocrx_word' id='word_1_285' title='bbox 2404 3794 2539 3859; x_wconf 69' lang='lat' dir='ltr'><strong>capo</strong></span> 
     </span>
     <span class='ocr_line' id='line_1_35' title="bbox 337 3868 2535 3937; baseline -0 -12"><span class='ocrx_word' id='word_1_286' title='bbox 337 3873 493 3925; x_wconf 80' lang='lat' dir='ltr'><strong>hodie</strong></span> <span class='ocrx_word' id='word_1_287' title='bbox 533 3874 762 3937; x_wconf 73' lang='lat' dir='ltr'><strong>Torento,</strong></span> <span class='ocrx_word' id='word_1_288' title='bbox 795 3873 1296 3937; x_wconf 73' lang='lat' dir='ltr'><strong>Arebiepireopatns</strong></span> <span class='ocrx_word' id='word_1_289' title='bbox 1339 3880 1398 3924; x_wconf 86' lang='lat' dir='ltr'><strong>et</strong></span> <span class='ocrx_word' id='word_1_290' title='bbox 1466 3870 1672 3921; x_wconf 62' lang='lat' dir='ltr'><strong>Miseno.</strong></span> <span class='ocrx_word' id='word_1_291' title='bbox 1706 3868 1948 3921; x_wconf 80' lang='lat' dir='ltr'><strong>Vicinum</strong></span> <span class='ocrx_word' id='word_1_292' title='bbox 1970 3872 2128 3924; x_wconf 74' lang='lat' dir='ltr'><strong>habet</strong></span> <span class='ocrx_word' id='word_1_293' title='bbox 2149 3876 2377 3937; x_wconf 81' lang='lat' dir='ltr'><strong>portum,</strong></span> <span class='ocrx_word' id='word_1_294' title='bbox 2393 3886 2535 3924; x_wconf 81' lang='lat' dir='ltr'><strong>eum·</strong></span> 
     </span>
     <span class='ocr_line' id='line_1_36' title="bbox 329 3948 2535 4016; baseline -0 -14"><span class='ocrx_word' id='word_1_295' title='bbox 329 3951 666 4016; x_wconf 72' lang='lat' dir='ltr'><strong>Principatue</strong></span> <span class='ocrx_word' id='word_1_296' title='bbox 687 3950 842 4001; x_wconf 83' lang='lat' dir='ltr'><strong>titulo</strong></span> <span class='ocrx_word' id='word_1_297' title='bbox 855 3949 1040 4000; x_wconf 71' lang='lat' dir='ltr'><strong>nobilis</strong></span> <span class='ocrx_word' id='word_1_298' title='bbox 1061 3950 1268 4013; x_wconf 69' lang='lat' dir='ltr'><strong>urbr,in</strong></span> <span class='ocrx_word' id='word_1_299' title='bbox 1287 3949 1399 4015; x_wconf 80' lang='lat' dir='ltr'><strong>Hy·</strong></span> <span class='ocrx_word' id='word_1_300' title='bbox 1469 3963 1572 4016; x_wconf 83' lang='lat' dir='ltr'><strong>qne</strong></span> <span class='ocrx_word' id='word_1_301' title='bbox 1605 3949 1874 4014; x_wconf 83' lang='lat' dir='ltr'><strong>pulchrum</strong></span> <span class='ocrx_word' id='word_1_302' title='bbox 1909 3957 1966 4000; x_wconf 90' lang='lat' dir='ltr'><strong>et</strong></span> <span class='ocrx_word' id='word_1_303' title='bbox 1999 3948 2340 4013; x_wconf 80' lang='lat' dir='ltr'><strong>profundum:</strong></span> <span class='ocrx_word' id='word_1_304' title='bbox 2374 3955 2535 4015; x_wconf 79' lang='lat' dir='ltr'><strong>atque</strong></span> 
     </span>
     <span class='ocr_line' id='line_1_37' title="bbox 331 4026 2533 4092; baseline 0.001 -15"><span class='ocrx_word' id='word_1_305' title='bbox 331 4026 577 4077; x_wconf 74' lang='lat' dir='ltr'><strong>druntina</strong></span> <span class='ocrx_word' id='word_1_306' title='bbox 599 4026 746 4091; x_wconf 76' lang='lat' dir='ltr'><strong>regni</strong></span> <span class='ocrx_word' id='word_1_307' title='bbox 767 4026 1102 4090; x_wconf 77' lang='lat' dir='ltr'><strong>Neapolitani</strong></span> <span class='ocrx_word' id='word_1_308' title='bbox 1116 4026 1399 4089; x_wconf 74' lang='lat' dir='ltr'><strong>provincia·</strong></span> <span class='ocrx_word' id='word_1_309' title='bbox 1468 4026 1524 4079; x_wconf 83' lang='lat' dir='ltr'><strong>ln</strong></span> <span class='ocrx_word' id='word_1_310' title='bbox 1551 4042 1614 4077; x_wconf 87' lang='lat' dir='ltr'><strong>eo</strong></span> <span class='ocrx_word' id='word_1_311' title='bbox 1645 4026 1908 4092; x_wconf 71' lang='lat' dir='ltr'><strong>Augustus</strong></span> <span class='ocrx_word' id='word_1_312' title='bbox 1928 4028 2143 4078; x_wconf 70' lang='lat' dir='ltr'><strong>classem</strong></span> <span class='ocrx_word' id='word_1_313' title='bbox 2166 4028 2442 4078; x_wconf 78' lang='lat' dir='ltr'><strong>collocavit</strong></span> <span class='ocrx_word' id='word_1_314' title='bbox 2464 4026 2533 4079; x_wconf 75' lang='lat' dir='ltr'><strong>ad</strong></span> 
     </span>
     <span class='ocr_line' id='line_1_38' title="bbox 330 4101 2533 4168; baseline 0.001 -15"><span class='ocrx_word' id='word_1_315' title='bbox 330 4102 579 4153; x_wconf 82' lang='lat' dir='ltr'><strong>Ceterum</strong></span> <span class='ocrx_word' id='word_1_316' title='bbox 629 4102 850 4167; x_wconf 73' lang='lat' dir='ltr'><strong>potiundi</strong></span> <span class='ocrx_word' id='word_1_317' title='bbox 888 4101 1122 4165; x_wconf 79' lang='lat' dir='ltr'><strong>verbum,</strong></span> <span class='ocrx_word' id='word_1_318' title='bbox 1165 4103 1401 4168; x_wconf 73' lang='lat' dir='ltr'><strong>quamvis</strong></span> <span class='ocrx_word' id='word_1_319' title='bbox 1469 4106 1687 4157; x_wconf 84' lang='lat' dir='ltr'><strong>tutelam</strong></span> <span class='ocrx_word' id='word_1_320' title='bbox 1730 4102 1893 4155; x_wconf 80' lang='lat' dir='ltr'><strong>Inferi</strong></span> <span class='ocrx_word' id='word_1_321' title='bbox 1931 4105 2103 4155; x_wconf 76' lang='lat' dir='ltr'><strong>marin.</strong></span> <span class='ocrx_word' id='word_1_322' title='bbox 2148 4104 2341 4155; x_wconf 70' lang='lat' dir='ltr'><strong>Iueolae</strong></span> <span class='ocrx_word' id='word_1_323' title='bbox 2378 4105 2533 4155; x_wconf 79' lang='lat' dir='ltr'><strong>Por-to</strong></span> 
     </span>
     <span class='ocr_line' id='line_1_39' title="bbox 327 4179 2532 4247; baseline 0.002 -16"><span class='ocrx_word' id='word_1_324' title='bbox 327 4180 636 4247; x_wconf 73' lang='lat' dir='ltr'><strong>plerumque</strong></span> <span class='ocrx_word' id='word_1_325' title='bbox 671 4196 790 4233; x_wconf 85' lang='lat' dir='ltr'><strong>cum</strong></span> <span class='ocrx_word' id='word_1_326' title='bbox 821 4179 1094 4233; x_wconf 75' lang='lat' dir='ltr'><strong>auferendi</strong></span> <span class='ocrx_word' id='word_1_327' title='bbox 1125 4196 1248 4231; x_wconf 74' lang='lat' dir='ltr'><strong>caen</strong></span> <span class='ocrx_word' id='word_1_328' title='bbox 1274 4182 1398 4246; x_wconf 87' lang='lat' dir='ltr'><strong>jun-</strong></span> <span class='ocrx_word' id='word_1_329' title='bbox 1471 4182 1638 4233; x_wconf 72' lang='lat' dir='ltr'><strong>Giulio</strong></span> <span class='ocrx_word' id='word_1_330' title='bbox 1660 4182 1949 4246; x_wconf 73' lang='lat' dir='ltr'><strong>appellant,</strong></span> <span class='ocrx_word' id='word_1_331' title='bbox 1968 4180 2120 4247; x_wconf 68' lang='lat' dir='ltr'><strong>fuleo,</strong></span> <span class='ocrx_word' id='word_1_332' title='bbox 2142 4192 2199 4233; x_wconf 83' lang='lat' dir='ltr'><strong>ut</strong></span> <span class='ocrx_word' id='word_1_333' title='bbox 2222 4182 2297 4234; x_wconf 77' lang='lat' dir='ltr'><strong>ait</strong></span> <span class='ocrx_word' id='word_1_334' title='bbox 2319 4184 2532 4235; x_wconf 74' lang='lat' dir='ltr'><strong>Cluver-</strong></span> 
     </span>
     <span class='ocr_line' id='line_1_40' title="bbox 333 4257 2531 4322; baseline 0.001 -13"><span class='ocrx_word' id='word_1_335' title='bbox 333 4265 509 4322; x_wconf 61' lang='grc' dir='ltr'><strong>μων,</strong></span> <span class='ocrx_word' id='word_1_336' title='bbox 573 4270 750 4309; x_wconf 74' lang='lat' dir='ltr'><strong>tamen</strong></span> <span class='ocrx_word' id='word_1_337' title='bbox 817 4258 1092 4321; x_wconf 74' lang='lat' dir='ltr'><strong>aliquando</strong></span> <span class='ocrx_word' id='word_1_338' title='bbox 1164 4258 1398 4322; x_wconf 65' lang='lat' dir='ltr'><strong>genitivo</strong></span> <span class='ocrx_word' id='word_1_339' title='bbox 1465 4258 1771 4311; x_wconf 69' lang='lat' dir='ltr'><strong>eum-lulius</strong></span> <span class='ocrx_word' id='word_1_340' title='bbox 1788 4266 1967 4322; x_wconf 68' lang='lat' dir='ltr'><strong>portus</strong></span> <span class='ocrx_word' id='word_1_341' title='bbox 1986 4257 2149 4309; x_wconf 80' lang='lat' dir='ltr'><strong>suerit</strong></span> <span class='ocrx_word' id='word_1_342' title='bbox 2164 4259 2229 4310; x_wconf 85' lang='lat' dir='ltr'><strong>ad</strong></span> <span class='ocrx_word' id='word_1_343' title='bbox 2250 4260 2531 4311; x_wconf 82' lang='lat' dir='ltr'><strong>Lucrinum</strong></span> 
     </span>
     <span class='ocr_line' id='line_1_41' title="bbox 327 4334 2529 4400; baseline 0.001 -15"><span class='ocrx_word' id='word_1_344' title='bbox 327 4334 583 4399; x_wconf 71' lang='lat' dir='ltr'><strong>gaudere,</strong></span> <span class='ocrx_word' id='word_1_345' title='bbox 601 4335 724 4385; x_wconf 84' lang='lat' dir='ltr'><strong>bine</strong></span> <span class='ocrx_word' id='word_1_346' title='bbox 747 4341 802 4385; x_wconf 88' lang='lat' dir='ltr'><strong>et</strong></span> <span class='ocrx_word' id='word_1_347' title='bbox 822 4348 888 4385; x_wconf 79' lang='lat' dir='ltr'><strong>ex</strong></span> <span class='ocrx_word' id='word_1_348' title='bbox 919 4334 1153 4399; x_wconf 82' lang='lat' dir='ltr'><strong>proxime</strong></span> <span class='ocrx_word' id='word_1_349' title='bbox 1177 4349 1392 4400; x_wconf 71' lang='lat' dir='ltr'><strong>sequen·</strong></span> <span class='ocrx_word' id='word_1_350' title='bbox 1465 4335 1833 4399; x_wconf 79' lang='lat' dir='ltr'><strong>Avernumque</strong></span> <span class='ocrx_word' id='word_1_351' title='bbox 1854 4336 2017 4387; x_wconf 76' lang='lat' dir='ltr'><strong>lacus.</strong></span> <span class='ocrx_word' id='word_1_352' title='bbox 2083 4336 2233 4387; x_wconf 74' lang='lat' dir='ltr'><strong>Circa</strong></span> <span class='ocrx_word' id='word_1_353' title='bbox 2254 4335 2366 4386; x_wconf 65' lang='lat' dir='ltr'><strong>bec</strong></span> <span class='ocrx_word' id='word_1_354' title='bbox 2388 4336 2529 4387; x_wconf 83' lang='lat' dir='ltr'><strong>litto·</strong></span> 
     </span>
     <span class='ocr_line' id='line_1_42' title="bbox 325 4410 2285 4478; baseline -0.001 -15"><span class='ocrx_word' id='word_1_355' title='bbox 325 4412 472 4465; x_wconf 70' lang='lat' dir='ltr'><strong>tibur</strong></span> <span class='ocrx_word' id='word_1_356' title='bbox 511 4419 678 4475; x_wconf 82' lang='lat' dir='ltr'><strong>patet,</strong></span> <span class='ocrx_word' id='word_1_357' title='bbox 718 4412 808 4463; x_wconf 84' lang='lat' dir='ltr'><strong>ubi</strong></span> <span class='ocrx_word' id='word_1_358' title='bbox 852 4412 868 4441; x_wconf 87' lang='lat'>‘</span> <span class='ocrx_word' id='word_1_359' title='bbox 893 4411 1152 4465; x_wconf 69' lang='lat' dir='ltr'><strong>libertatis</strong></span> <span class='ocrx_word' id='word_1_360' title='bbox 1189 4413 1394 4478; x_wconf 83' lang='lat' dir='ltr'><strong>potiun-</strong></span> <span class='ocrx_word' id='word_1_361' title='bbox 1466 4428 1523 4463; x_wconf 78' lang='lat' dir='ltr'><strong>ro</strong></span> <span class='ocrx_word' id='word_1_362' title='bbox 1545 4410 1693 4465; x_wconf 72' lang='lat' dir='ltr'><strong>fuere</strong></span> <span class='ocrx_word' id='word_1_363' title='bbox 1714 4412 1975 4467; x_wconf 78' lang='lat' dir='ltr'><strong>Cimmerii</strong></span> <span class='ocrx_word' id='word_1_364' title='bbox 1998 4411 2285 4465; x_wconf 80' lang='lat' dir='ltr'><strong>Homerici.</strong></span> 
     </span>
    </p>
   </div>
   <div class='ocr_carea' id='block_1_5' title="bbox 457 4470 2426 4571">
    <p class='ocr_par' dir='ltr' id='par_1_6' title="bbox 457 4470 2426 4571">
     <span class='ocr_line' id='line_1_43' title="bbox 457 4470 2426 4571; baseline 0.001 -25"><span class='ocrx_word' id='word_1_365' title='bbox 457 4494 636 4560; x_wconf 61' lang='lat' dir='ltr'><strong>verpa.</strong></span> <span class='ocrx_word' id='word_1_366' title='bbox 657 4499 710 4545; x_wconf 71' lang='grc' dir='ltr'><strong>ιι</strong></span> <span class='ocrx_word' id='word_1_367' title='bbox 737 4494 853 4546; x_wconf 69' lang='grc' dir='ltr'><strong>ναν.</strong></span> <span class='ocrx_word' id='word_1_368' title='bbox 879 4495 1008 4544; x_wconf 70' lang='lat' dir='ltr'><strong>ctas.</strong></span> <span class='ocrx_word' id='word_1_369' title='bbox 1345 4494 1529 4549; x_wconf 64' lang='lat' dir='ltr'><strong>Levia.</strong></span> <span class='ocrx_word' id='word_1_370' title='bbox 1928 4556 1935 4571; x_wconf 34' lang='lat'><strong><em>¹</em></strong></span> <span class='ocrx_word' id='word_1_371' title='bbox 2280 4498 2315 4544; x_wconf 79' lang='lat' dir='ltr'><strong>e</strong></span> <span class='ocrx_word' id='word_1_372' title='bbox 2345 4470 2426 4547; x_wconf 78' lang='grc' dir='ltr'><strong>α’</strong></span> 
     </span>
    </p>
   </div>
  </div>
 </body>
</html>
