3300 5225
2354 488 2528 554 1943

332 649 601 734 prodita
628 648 1049 716 multitudine
1093 668 1137 714 a
1176 648 1611 734 principibus.
1700 648 2033 735 Rheginiq
2069 649 2526 717 tantummodo

334 754 631 835 regionis
658 751 823 836 ejus
868 757 945 816 et*
981 753 1051 816 in
1093 751 1230 817 fide
1276 773 1429 844 erga
1472 751 1849 832 Romanos,
1880 765 1948 820 et
1978 753 2344 837 potestatis
2377 772 2524 818 suae

334 855 420 920 ad
452 857 755 920 ultimum
796 863 1209 920 manserunt.
1290 854 1371 918 In
1413 854 1721 920 Siciliam
1767 875 2037 942 quoque
2075 857 2306 922 eadem
2341 857 2530 922 incli-

334 959 521 1024 natio
568 961 937 1024 animorum
984 957 1322 1041 pervenit:
1368 964 1435 1022 et
1478 976 1563 1022 ne
1610 958 1850 1023 domus
1881 957 2151 1042 quidem
2205 959 2528 1024 Hieronis

332 1068 483 1126 tota
520 1063 609 1126 ab
640 1061 1007 1126 defectione
1039 1060 1375 1126 abstinuit.
1466 1059 1782 1144 Namque
1813 1059 1990 1126 Gelo
2019 1062 2348 1126 maximus
2379 1056 2532 1128 stir-

329 1165 465 1249 pis,
498 1169 837 1230 contemta
866 1164 1067 1228 simul
1094 1171 1425 1230 senectute
1449 1163 1690 1248 patris,
1713 1164 1913 1228 simul
1937 1170 2090 1248 post
2113 1163 2526 1230 Cannensem

332 1265 596 1332 cladem
625 1265 939 1334 Romana
962 1270 1309 1347 societate,
1342 1268 1431 1333 ad
1463 1269 1720 1333 Poenos
1749 1267 2032 1333 defecit:
2077 1269 2528 1352 movissetque

332 1371 403 1435 in
436 1371 671 1437 Sicilia
697 1392 828 1451 ree,
855 1373 985 1436 nisi
1026 1391 1209 1436 mors
1241 1371 1411 1436 adeo
1440 1381 1844 1456 opportuna,
1867 1377 1945 1434 ut
1973 1379 2226 1452 patrem
2257 1388 2526 1452 quoque

328 1477 725 1558 suspicione
752 1483 1153 1560 aspergeret,
1198 1481 1556 1540 armantem
1592 1493 1744 1538 eum
1785 1472 2270 1538 multitudinem
2301 1473 2526 1538 solici-

332 1581 728 1662 tantemque
756 1579 981 1644 socios
1014 1578 1465 1644 absumsisset.
1556 1577 1734 1642 Haec
1765 1595 1848 1640 eo
1887 1595 2062 1640 anno
2091 1576 2161 1638 in
2192 1574 2420 1650 Italia,
2453 1575 2524 1641 in

332 1679 593 1758 Africa,
635 1681 709 1745 in
754 1681 1011 1760 Sicilia,
1050 1683 1120 1746 in
1170 1680 1511 1764 Hispania
1540 1679 1730 1744 vario
1773 1685 2012 1742 eventu
2042 1684 2222 1743 acta.
2278 1658 2525 1741 'Exitu

334 1785 489 1848 anni
521 1783 613 1864 Q.
666 1783 918 1850 Fabius
968 1785 1323 1850 Maximus
1370 1805 1411 1848 a
1460 1789 1700 1848 senatu
1749 1781 2144 1865 postulavit,
2182 1786 2258 1844 ut
2315 1779 2524 1844 aedem

333 1887 623 1954 Veneris
670 1889 1000 1974 Erycinae,
1035 1909 1234 1972 quam
1268 1888 1563 1955 dictator
1592 1887 1910 1963 vovisset,
1939 1883 2246 1948 dedicare
2273 1882 2529 1948 liceret.

334 1989 625 2057 Senatus
683 1993 992 2068 decrevit,
1042 1998 1115 2058 ut
1168 1993 1280 2059 Ti.
1332 1993 1772 2076 Sempronius
1826 1987 2062 2054 consul
2109 1987 2530 2069 designatuS,

336 2113 495 2160 cum
535 2095 847 2160 honorem
890 2093 1205 2172 inisset,¹⁶
1250 2094 1336 2160 ad
1386 2095 1716 2179 populum
1761 2093 1980 2168 ferret,
2013 2096 2084 2154 ut
2113 2088 2204 2169 Q.
2237 2090 2525 2154 Fabium

1040 503 1187 552 nis.
1235 503 1474 553 xxm.
1522 501 1688 552 cAr.
1730 487 1841 554 30.

335 2195 757 2262 duumvirum
801 2217 953 2262 esse
992 2197 1339 2280 juberentr
1385 2197 1566 2262 tedes
1625 2195 2016 2260 dedicandae
2065 2199 2349 2258 causa.¹⁷
2439 2191 2530 2256 Et
2621 2239 2629 2248 .

336 2295 439 2364 M.
485 2299 763 2364 AEmilio
804 2298 1089 2386 Lepido,
1123 2300 1238 2384 qui
1281 2298 1392 2364 bis
1440 2298 1677 2364 consul
1717 2315 2058 2382 augurque
2081 2303 2104 2332 ⁸
2137 2296 2374 2376 suerat,
2404 2295 2526 2360 filii

1233 2481 1602 2502 OMOOOOO

326 2620 585 2681 pera-15
628 2614 829 2665 Vmata
850 2615 984 2666 Edd.
1008 2622 1062 2666 et
1084 2616 1214 2665 Μαι.
1237 2614 1505 2678 plerique:
1539 2628 1684 2663 maa
1706 2628 1772 2663 ex
1795 2611 1996 2663 emend.
2028 2611 2228 2675 Sigonii
2260 2611 2415 2663 Grut.
2437 2611 2527 2662 all.

332 2686 467 2732 —16
497 2683 515 2709 ⁴
536 2682 655 2730 Cum
676 2680 895 2731 honorem
912 2681 1081 2731 iamet
1102 2686 1151 2731 5.
1176 2681 1307 2731 Μαι.
1363 2680 1469 2729 Pro
1490 2681 1708 2729 honorem
1733 2680 1968 2743 plerique
1989 2678 2120 2727 Μαι.
2143 2687 2200 2727 et
2223 2677 2360 2727 Edd.
2395 2686 2528 2727 antt.

331 2746 490 2811 ibono,
514 2747 594 2795 vel
618 2746 752 2795 ibone
771 2753 824 2794 et
844 2746 898 2795 ia
920 2746 1064 2795 bono.-
1098 2746 1234 2795 Edd.
1264 2754 1485 2795 reeentt.
1514 2745 2024 2810 primammgmrum
2049 2745 2126 2792 vel
2149 2744 2400 2793 honorent.-
2435 2742 2526 2792 sed

336 2825 439 2861 vox
466 2812 675 2877 prinum
706 2812 759 2861 iu
782 2812 923 2862 nullo
946 2812 1049 2863 Ms.
1072 2808 1256 2861 extat?
1288 2812 1622 2875 Rapum—1⁷
1665 2810 1732 2861 Ut
1753 2810 2022 2870 duumuiros
2043 2824 2143 2859 esse
2159 2808 2386 2869 juberent
2405 2824 2451 2858 a.
2473 2810 2526 2859 d.

1320 2976 1370 3027 N
1377 2974 1543 3026 0¹1·AE

398 3100 425 3135 *Ι
452 3092 685 3157 Rhegim']
714 3092 967 3154 Rhegium
990 3090 1172 3143 eedem
1198 3098 1391 3155 tractu,

334 3168 431 3220 sed
453 3170 527 3219 eis
561 3169 908 3235 Apenninum,
938 3170 989 3218 in
1021 3178 1257 3219 extremo
1281 3168 1391 3218 Ita-

331 3247 420 3297 lin
441 3261 506 3297 ea
526 3254 675 3312 parte
697 3262 892 3309 eornu3
937 3246 1237 3299 Graeeornm
1264 3261 1391 3313 quo-

332 3337 439 3389 que
460 3324 661 3375 colonia
693 3338 725 3374 e
761 3324 971 3389 regione
1001 3324 1279 3380 Messana,
1314 3323 1391 3373 in·

332 3406 663 3451 tercurrente
684 3400 825 3451 freto
846 3401 1052 3451 Siculo:
1088 3400 1279 3449 dicitnr
1299 3399 1392 3450 ad-

328 3477 435 3528 buc
461 3478 651 3541 Reggio
673 3477 1183 3541 Archiepiseopatus,
1210 3483 1265 3526 et
1284 3490 1391 3527 me·

332 3555 552 3620 tropolis
576 3556 824 3606 Calabria
850 3556 1129 3606 ulterioris.

397 3640 420 3666 ¹¹
440 3634 509 3684 Ut
528 3634 593 3690 Q.
606 3634 809 3684 Fabiam
822 3634 1118 3683 duumvirum
1140 3646 1239 3682 esse
1247 3630 1387 3694 jabe-

333 3710 469 3774 τοι]
502 3710 635 3761 Haec
659 3724 785 3761 vera
806 3710 1065 3773 scriptura
1087 3724 1155 3759 ex
1176 3708 1387 3772 optimis

334 3786 633 3837 codicibus:
665 3794 938 3837 mutarunt
973 3786 1119 3835 Valla
1156 3793 1211 3834 et
1244 3785 1393 3846 Sigo-

332 3863 467 3927 nius,
486 3866 930 3928 scripseruntque,
942 3869 997 3914 ne
1012 3862 1280 3914 duumviros
1294 3876 1395 3911 esu

308 3940 561 4002 juberent,
582 3940 719 4005 quod
744 3941 1043 3989 dubitarent
1077 3952 1143 3989 an
1174 3938 1395 3987 duumvir

332 4019 390 4067 in
413 4017 659 4081 singulari
700 4024 844 4065 reete
866 4015 1161 4076 diceretur-3
1191 4012 1283 4063 sed
1316 4014 1394 4063 ni-

328 4092 403 4141 bil
448 4101 533 4143 est
576 4091 711 4155 quod
756 4090 1067 4155 ambigatur.
1134 4090 1225 4141 Sic
1254 4090 1392 4139 enlm

333 4181 477 4233 sepo
497 4168 673 4218 Livius
694 4168 826 4233 ipse,
842 4177 903 4217 nt
920 4166 1146 4217 ostendit
1165 4166 1396 4217 Gronov.

332 4244 502 4297 veluti
536 4244 625 4294 lib.
646 4258 709 4295 n.
750 4244 837 4293 ubi
870 4243 937 4293 de
960 4242 1073 4293 aede
1098 4242 1331 4293 Castoris
1363 4256 1395 4291 a

330 4322 609 4375 Postumio
646 4330 773 4373 vota
808 4321 999 4372 Latino
1036 4320 1195 4383 bello,
1226 4318 1397 4369 ‘filius

332 4402 447 4465 ejus
484 4398 747 4451 duumvir’
780 4398 847 4449 ad
882 4397 937 4449 id
981 4398 1150 4463 ipsum
1184 4404 1395 4449 creatus

1470 3089 1755 3140 dedicavit.
1789 3088 1940 3141 Quod
1959 3096 2132 3137 autem
2145 3085 2436 3138 Glareanus
2455 3085 2530 3135 ait

1470 3167 1774 3217 servandum
1811 3180 1924 3215 esse
1955 3167 2138 3215 saltem
2165 3161 2412 3227 pluralem
2438 3175 2530 3211 nu·

1470 3258 1689 3305 merum,
1707 3241 1844 3308 qnod
1870 3253 2066 3306 praeter
2083 3239 2300 3290 Fabium
2316 3237 2378 3287 Τ.
2401 3238 2530 3287 Ota·

1470 3320 1617 3371 cilius
1638 3328 1846 3370 creatus
1871 3320 1940 3369 sit
1963 3317 2144 3368 eodem
2163 3325 2419 3378 tempore,
2439 3312 2530 3379 qni

1470 3397 1638 3447 sedem
1680 3396 1878 3446 Mentis
1921 3390 2204 3455 dedicaret,
2239 3388 2376 3441 infra
2409 3405 2532 3454 cap,

1472 3474 1727 3540 proximo,
1771 3472 1904 3523 unde
1948 3477 2006 3521 et
2046 3468 2374 3519 scribendum
2415 3480 2532 3517 esse

1471 3551 1645 3599 adium
1677 3549 2040 3599 dedicandorum
2073 3560 2234 3609 caasa,
2267 3542 2320 3593 id
2347 3543 2531 3593 nullius

1470 3627 1720 3677 momenti
1738 3634 1837 3687 est,
1859 3622 2274 3689 qluaudoquidem
2296 3621 2394 3670 hoc
2415 3620 2534 3669 loco

1470 3704 1622 3754 unius
1661 3709 1863 3752 tantum
1904 3700 2030 3750 oedis
2062 3698 2365 3748 dedicanda
2388 3710 2533 3745 men·

1473 3766 1547 3831 tio
1570 3793 1604 3829 a
1627 3778 1774 3829 Livio
1795 3776 1876 3838 fit,
1899 3774 2138 3825 nimirum
2159 3772 2380 3823 Veneris
2403 3770 2533 3835 Ery·

1471 3857 1625 3906 cine.

1535 3940 1556 3966 ⁸
1585 3932 1664 3981 M.
1687 3929 1885 3979 AEmils‘o
1906 3927 2106 3991 Lepido,
2141 3924 2224 3988 qu·
2264 3922 2337 3973 bis
2369 3924 2534 3973 wasa!
2562 3943 2572 3956 -

1470 4007 1740 4072 agarque]
1783 4006 1938 4055 Hunc
1957 4010 2014 4053 et
2037 4002 2114 4051 M.
2134 4000 2394 4051 Valerium
2417 3999 2531 4049 1.ae-

1471 4086 1645 4135 vinum
1687 4082 1766 4133 bis
1800 4080 2040 4131 consules
2075 4078 2305 4127 nominat
2340 4074 2535 4124 Livius.

1469 4161 1575 4211 Sed
1606 4174 1723 4210 cum
1766 4170 1932 4220 neque
1956 4157 2008 4205 in
2041 4152 2188 4203 fastis
2207 4150 2529 4217 Capitolinis,

1472 4254 1643 4303 neque
1667 4236 1806 4302 apud
1829 4232 2208 4291 cassiodorum,
2223 4230 2338 4279 misi
2367 4231 2528 4279 semel

1472 4318 1527 4367 in
1562 4315 1828 4367 consulum
1873 4324 2084 4362 numero
2111 4311 2386 4373 legantur;
2420 4322 2526 4356 sus·

1474 4396 1679 4460 pientur
1708 4389 1949 4456 Sigonius
1971 4400 2076 4439 eos*
2095 4382 2338 4438 suffectos
2369 4380 2530 4434 fuisse
