3300 5225
759 455 934 566 1590

763 1147 914 1199 Diod.

763 1923 1067 1991 Polybms.

761 3948 915 4003 Diod.

755 4327 934 4395 Polyb.

1698 514 1770 586 τ,
1818 513 2017 564 mvn

1087 657 1354 724 similiter
1379 667 1775 721 occurrentem
1792 659 2040 731 videret,
2076 655 2479 718 animadverso
2498 655 2698 717 statim
2718 657 2981 738 periculo

1085 755 1307 835 fugere,
1333 766 1416 828 et,
1453 777 1588 818 cum
1625 756 1744 816 hoe
1785 756 1999 816 frustra
2039 761 2211 826 esset,
2246 773 2571 834 repugnare
2611 763 2877 825 conatus,
2920 755 2983 813 in

1087 851 1444 916 validiorum
1470 861 1822 933 potestatem
1846 852 2029 913 venit.
2113 849 2378 911 Romani
2406 850 2521 911 hac
2561 870 2795 930 quoque
2830 869 2983 912 nave

1087 951 1282 1029 potiti,
1309 950 1553 1030 parique
1577 947 1755 1009 modo
1794 947 1875 1010 ad
1911 947 2337 1010 observandum
2375 955 2579 1027 portus
2604 946 2831 1006 aditum
2869 947 2982 1019 usi,

1088 1065 1162 1106 ne
1181 1065 1314 1126 quae
1339 1045 1619 1126 deinceps
1644 1065 1827 1106 naves
1848 1044 2181 1125 Lilybaeum
2206 1051 2509 1124 penetrare
2529 1050 2786 1123 pooeent,
2806 1042 2983 1104 facile

1087 1142 1526 1223 prohibuerunt.
1610 1141 1829 1202 Acrior
1872 1139 2011 1200 inde
2048 1142 2141 1200 vis
2174 1137 2565 1200 obsidentium
2605 1158 2731 1199 esse
2769 1139 2985 1218 coepit:

1089 1238 1396 1319 adortique
1436 1239 1799 1298 munimenta
1837 1236 2124 1308 Romani,
2179 1255 2313 1316 quae
2352 1236 2497 1295 mari
2542 1235 2737 1296 vicina
2792 1242 2983 1307 erant,

1087 1355 1260 1396 omne
1295 1334 1670 1395 defensorum
1706 1353 1918 1414 agmen
1959 1332 2037 1393 ad
2070 1331 2292 1393 tuenda
2329 1332 2467 1392 loca
2508 1351 2643 1411 quae
2680 1350 2983 1412 oppugna-

1086 1431 1304 1492 bantur
1328 1439 1685 1512 pern-exere.
1768 1429 1873 1490 Sic
1896 1430 1999 1491 via
2034 1428 2199 1490 facta
2222 1427 2465 1508 reliquis
2502 1428 2708 1508 copiis,
2744 1447 2879 1507 quae
2904 1445 2981 1487 ex

1087 1527 1322 1588 diversa
1345 1535 1512 1609 parte
1537 1526 1835 1587 occasioni
1860 1526 1999 1587 huic
2024 1523 2469 1595 insidiabantur,
2510 1531 2580 1583 ut
2607 1542 2835 1583 murum
2874 1543 2983 1584 ex-

1085 1624 1358 1684 teriorem
1374 1630 1692 1704 caperent:
1736 1640 2076 1703 quanquam
2100 1619 2163 1681 id
2184 1617 2397 1681 frustra
2419 1619 2535 1680 fuit
2556 1639 2573 1680 ε
2615 1620 2833 1701 quippe
2856 1619 2983 1680 dux

1088 1718 1333 1791 Poenus,
1359 1739 1496 1780 cum
1520 1717 1765 1780 delectis
1788 1737 2023 1779 suorum
2062 1717 2405 1799 tempestive
2444 1737 2771 1789 accurrens,
2800 1715 2987 1777 multa

1087 1835 1224 1876 cum
1243 1815 1409 1876 caede
1429 1823 1695 1876 tenentes
1718 1814 1915 1876 locum
1941 1812 2252 1876 Romanos
2276 1813 2501 1893 reiecit.

1170 1919 1271 1972 15.
1316 1911 1469 1972 Alia
1504 1909 1719 1972 deinde
1744 1913 1935 1991 maj0r
1960 1910 2193 1970 fortuna
2232 1927 2393 1991 spem
2420 1909 2665 1970 obsessis
2701 1908 3009 1986 universa

1087 2008 1349 2068 victoriae
1375 2007 1560 2072 dedit.
1646 2007 1825 2068 Forte
1850 2015 2157 2068 ventorum
2182 2007 2389 2085 ingens
2419 2006 2513 2066 vis
2536 2013 2745 2065 exorta
2766 2003 2983 2077 fuerat,

1089 2103 1240 2165 adeo
1265 2103 1450 2166 veluti
1474 2104 1622 2165 data
1645 2125 1826 2186 opera
1851 2103 2262 2165 Romanorum
2294 2103 2640 2163 incumbens
2678 2101 2985 2174 machinis,

1087 2209 1156 2262 ut
1191 2211 1254 2261 et
1295 2203 1496 2262 vineas
1536 2208 1827 2281 quateret,
1868 2210 1931 2261 et
1970 2201 2127 2280 ipsas
2150 2209 2335 2259 turres
2362 2199 2421 2259 in
2460 2198 2754 2278 capitibus
2784 2217 2982 2260 earum

1085 2305 1334 2358 structas
1361 2296 1739 2359 convelleret.
1808 2295 1955 2358 Non
1982 2294 2197 2356 fefellit
2212 2315 2293 2384 ‘ea
2320 2315 2412 2355 res
2434 2293 2785 2377 oppidanos,
2814 2293 2983 2354 Deo-

1086 2414 1328 2475 rumque
1373 2415 1610 2454 munere
1649 2393 1916 2457 oblatam
1966 2393 2078 2453 sibi
2120 2393 2617 2474 opportunitatem
2660 2389 2985 2464 credidere,
3082 2421 3097 2442 ι

1086 2511 1206 2572 qua
1230 2492 1404 2552 toties
1427 2491 1642 2552 frustra
1680 2490 2213 2571 tentatis‘operibns
2247 2490 2441 2568 ignem
2486 2488 2823 2568 injicerent:
2868 2488 2983 2548 ita-

1085 2609 1202 2669 que
1229 2588 1523 2671 tripartito
1547 2589 1779 2670 agmine
1804 2595 2135 2669 erumpunt,
2160 2585 2341 2659 faces,
2368 2594 2432 2647 et
2454 2604 2587 2666 quae
2612 2583 2827 2645 alendo
2862 2585 2986 2664 igni

1087 2693 1461 2767 paraverant,
1505 2687 1863 2747 immittunt:
1921 2692 2165 2765 eratque
2201 2703 2305 2765 per
2329 2702 2393 2744 se
2433 2682 2627 2743 facilis
2666 2680 2745 2741 ad
2782 2680 2983 2742 conci·

1079 2781 1370 2862 piendam
1404 2780 1702 2844 flammam
1746 2780 2448 2856 materiassmachinarum‚
2489 2798 2671 2859 quam
2714 2777 2819 2838 diu
2844 2786 3005 2857 ante·

1085 2896 1299 2938 caesam
1323 2878 1412 2939 sol
1437 2888 1500 2939 et
1524 2888 1699 2939 aestus
1723 2878 2105 2939 arefecerant.
2189 2874 2411 2955 Neque
2435 2874 2689 2953 segniter
2708 2872 2785 2934 ad
2810 2892 3003 2959 opem'

1085 2972 1389 3033 ferendam
1413 2981 1826 3035 concurrerant
1843 2972 2106 3033 Romani
2130 2990 2147 3033 ε
2188 2970 2295 3031 sed
2314 2974 2503 3052 impar
2520 2980 2817 3031 certamen
2832 2980 2984 3041 erat,
3002 2962 3005 2965 ⁴

1085 3088 1222 3131 cum
1249 3068 1352 3129 alii
1383 3071 1672 3131 machinis
1685 3073 1819 3150 jam
1842 3068 2092 3129 incensis
2115 3067 2195 3128 ad
2218 3068 2342 3129 tela
2364 3066 2583 3127 certius
2614 3060 3005 3147 validiusque'

1087 3165 1464 3246 conjicienda
1489 3167 1620 3228 luce
1645 3168 1869 3246 ignium
1892 3174 1957 3227 et
1978 3166 2341 3246 tempestatis
2364 3164 2586 3245 impetu
2599 3165 2980 3242 juvarenturz

1089 3263 1223 3323 aliis
1261 3261 1422 3324 baud
1455 3264 1644 3323 miuus
1678 3264 1755 3323 ab
1791 3264 1883 3323 his
1922 3262 2113 3323 causis
2157 3260 2555 3342 impedimenti
2594 3254 2999 3342 periculique,'

1087 3379 1267 3439 quam
1309 3360 1386 3420 ab
1427 3359 1622 3420 hostili
1664 3359 1818 3421 ferro
1856 3367 2042 3419 esset:
2096 3358 2316 3439 quippe
2357 3356 2537 3417 flama
2571 3356 2885 3417 vehemens
2922 3354 2999 3417 et'

1089 3454 1380 3516 Romanis
1404 3476 1636 3537 prorsus
1667 3456 1965 3526 adversus,
2007 3454 2256 3524 fumum,
2292 3451 2581 3525 favillam,
2616 3452 2885 3513 flammas
2924 3444 2997 3515 in‘

1087 3572 1194 3613 ora
1215 3552 1534 3632 oculosque
1569 3552 1870 3613 hominum
1896 3550 2301 3632 provolvebat,
2335 3550 2575 3629 telaque
2618 3550 2695 3609 ab
2722 3549 2985 3611 hostibus

1087 3649 1265 3709 missa
1289 3648 1494 3728 majori
1521 3648 1807 3709 violentia
1843 3648 2151 3709 deferebat
2187 3646 2247 3705 in
2284 3646 2611 3721 obnoxios:
2668 3663 2803 3705 cum
2832 3628 3001 3707 inte·⁸

1085 3744 1195 3804 rim
1237 3743 1646 3805 Romanorum
1684 3745 1835 3805 ictus
1868 3744 2077 3805 incerti
2112 3750 2175 3803 et
2208 3742 2479 3814 invalidi,
2518 3762 2629 3803 nec
2668 3741 2841 3820 dirigi
2876 3762 2985 3824 per

1086 3839 1398 3920 caliginem
1423 3850 1680 3921 possent,
1708 3849 1773 3902 et
1792 3839 2163 3901 vehementia
2176 3837 2436 3899 reflantis
2458 3839 2621 3899 venti
2648 3836 2997 3925 franget-en-=

1087 3946 1201 3996 tur.
1288 3935 1390 3997 Ita
1414 3936 1640 3997 factum
1667 3944 1735 3997 ut
1760 3956 1961 3997 omnes
2000 3934 2408 3996 Romanorum
2434 3936 2646 4006 vineae,
2686 3936 2981 4015 petrariae,

1088 4033 1321 4105 arietes,
1371 4042 1435 4095 et
1476 4032 1760 4113 quicquid
1805 4052 2047 4114 operum
2087 4030 2184 4093 vel
2243 4029 2485 4111 agendis
2528 4030 2832 4103 cuniculis,
2882 4032 2979 4091 vel

1085 4128 1448 4191 verberando
1471 4149 1637 4190 muro
1662 4138 1932 4212 paratim
1955 4128 2171 4202 fuerat,
2198 4128 2407 4191 eodem
2427 4126 2696 4191 incendio
2711 4128 2979 4189 absume·

1086 4235 1301 4287 rentur.

1165 4328 1268 4411 ²2⁰,-
1308 4320 1463 4385 Tum
1488 4342 1630 4387 vero
1654 4342 1789 4409 spes
1812 4324 2001 4388 omnis
2024 4320 2293 4415 potiundi
2318 4342 2423 4407 per
2445 4321 2567 4387 vim
2593 4318 2846 4415 Lilybaei
2871 4268 2977 4427 exf-
