3300 5225
866 503 1041 571 1892
1797 517 1868 568 τ’.
1912 517 2102 569 mvn

871 684 991 751 sed
1066 679 1358 750 affluenti
1432 679 1635 766 copia
1707 681 2181 766 voluptatium,
2271 688 2341 747 et
2425 681 2755 748 illecebris
2841 683 3043 748 omnis

870 787 1281 853 amoenitatis
1354 785 1708 849 maritimae
1777 785 2286 868 terrestrisque;
2359 791 2500 850 tum
2559 805 2720 850 vero
2781 785 2881 850 ita
2933 787 3044 851 ob-

874 889 1116 972 sequio
1145 895 1197 940 ¹⁹
1242 887 1614 974 principum
1661 893 1732 951 et
1775 885 2048 952 licentia
2094 887 2322 971 plebei
2346 894 2404 926 ²⁰
2447 888 2777 968 lascivire,
2820 894 2895 952 ut
2935 909 3046 954 nec

871 991 1135 1058 libidini
1190 1010 1311 1057 uec
1370 991 1694 1055 sumtibus
1743 987 1984 1054 modus
2039 995 2246 1055 esset.
2339 989 2441 1056 Ad
2494 997 2903 1057 contemtum
2959 990 3042 1056 le·

874 1116 1053 1180 gum,
1080 1096 1611 1178 magistratuum,
1639 1097 1970 1169 senatuS,¹
2023 1093 2314 1157 accessit
2359 1099 2518 1171 tum,
2565 1103 2726 1178 post
2757 1092 3046 1158 Cannen-

876 1219 1017 1264 sem
1064 1198 1345 1275 cladem,
1392 1203 1487 1274 ut,
1534 1193 1730 1278 cujus
1775 1193 2002 1278 aliqua
2039 1199 2184 1259 erat
2221 1193 2647 1273 verecundia,
2680 1193 3045 1260 Romanum

870 1321 1137 1387 quoque
1184 1300 1535 1385 imperium
1584 1303 1985 1383 spernerent.
2075 1295 2157 1363 Id
2188 1296 2396 1362 modo
2438 1304 2580 1363 erat
2615 1299 2688 1362 iu
2727 1317 2936 1378 mora,
2972 1317 3047 1362 ue

870 1405 1213 1489 extemplo
1258 1401 1701 1480 deficerent,·²
1743 1399 1931 1484 quod
1961 1401 2369 1465 connubium
2400 1397 2784 1466 vetustum¹¹
2823 1401 3046 1466 multas

868 1507 1161 1573 familias
1206 1506 1423 1572 claras
1464 1523 1547 1568 ac
1590 1511 1900 1588 potentes
1947 1501 2273 1568 Romanis
2319 1503 2708 1585 miscuerat3
2753 1509 2823 1568 et
2859 1505 3046 1588 quod,

874 1630 1026 1677 cum
1056 1610 1407 1676 militarent
1436 1609 1700 1692 aliquot
1725 1607 1908 1692 apud
1938 1605 2300 1686 Romanos,
2327 1607 2693 1672 maximum
2723 1607 3046 1673 vinculum

838 1721 1065 1807 'erant
1088 1721 1109 1760 ³
1132 1713 1406 1780 trecenti
1435 1712 1716 1797 equites,
1743 1709 2200 1775 nobilissimus
2228 1711 2512 1796 quisque
2543 1709 3046 1796 Campanorum,

870 1819 939 1882 in
961 1815 1284 1901 praesidia
1312 1813 1682 1880 Sicularum
1707 1811 1968 1877 urbium
2001 1809 2242 1878 delecti
2271 1813 2362 1878 ab
2391 1811 2716 1878 Romanis
2743 1833 2828 1880 ac
2853 1815 3046 1880 missi.

955 1920 1021 1984 5.
1066 1916 1327 1983 Horum
1356 1925 1672 2002 parentes
1705 1914 2103 2000 cognatique
2141 1935 2318 1999 aegre
2364 1917 2812 2000 pervicerunt,
2855 1925 2926 1982 ut
2961 1917 3050 1981 le-

869 2021 1006 2106 gati
1038 2021 1124 2086 ad
1156 2019 1495 2086 consulem
1540 2017 1920 2084 Romanum
1957 2019 2392 2084 mitterentur.
2479 2018 2568 2098 Ii,
2597 2018 2895 2084 nondum
2923 2018 3041 2084 Ca-

866 2125 1132 2189 nusium
1173 2121 1570 2209 profectum,
1598 2121 1722 2186 sed
1755 2121 2076 2187 Venusiae
2114 2140 2268 2187 cum
2311 2122 2550 2207 paucis
2587 2141 2672 2188 ac
2697 2123 3047 2188 semiermi-

867 2228 996 2293 bus
1014 2226 1351 2294 consulem
1370 2225 1786 2303 invenerunt,
1804 2243 2004 2309 quam
2021 2232 2288 2307 poterat
2309 2225 2600 2289 maxime
2617 2225 3046 2291 miserabilem

868 2330 1072 2395 bonis
1102 2329 1311 2395 sociis
1336 2326 1385 2410 3!
1404 2327 1712 2412 superbis
1741 2333 1940 2412 atque
1967 2325 2376 2406 infidelibus,
2398 2333 2473 2392 ut
2497 2336 2684 2393 eraut
2713 2326 3047 2412 Campani,

870 2432 1341 2519 spernendum.
1428 2429 1517 2495 Et
1564 2431 1758 2496 auxit
1797 2449 2008 2496 rerum
2061 2449 2326 2494 suarum
2371 2431 2613 2516 suique
2657 2437 3048 2496 contemtum

870 2536 1115 2602 consul
1164 2534 1364 2600 nimis
1406 2532 1784 2617 ‚detegendo
1837 2531 2100 2599 cladem
2143 2531 2609 2618 nudandoque.
2695 2531 2882 2598 Nam
2911 2552 3047 2598 cum

866 2640 1095 2724 legati,
1126 2658 1301 2723 aegre
1323 2638 1490 2703 ferre
1522 2644 1830 2704 senatum
1855 2636 2310 2722 populumque
2329 2634 2765 2720 Campanum,
2790 2634 3049 2702 adversi

867 2742 1231 2829 quicquam
1264 2740 1567 2807 evenisse
1584 2738 1946 2819 Romanis,
1976 2740 2420 2816 nuntiassent,
2452 2738 3049 2825 pollicerenturque

868 2846 1113 2926 omnia,
1138 2864 1295 2931 quae
1324 2842 1411 2910 ad
1441 2841 1694 2908 bellum
1721 2860 1894 2927 opus
1917 2847 2179 2923 essent;
2211 2845 2233 2876 ‘
2255 2839 2519 2906 Morem
2539 2838 2802 2923 magis,'
2825 2842 3049 2926 iuquit,

868 2946 1231 3032 ‘loquendi
1273 2966 1423 3014 cum
1480 2946 1686 3012 sociis
1729 2946 2071 3025 servastis,
2117 2943 2471 3029 Campani,
2511 2944 2852 3029 jubentes,
2907 2965 3047 3029 quae

866 3070 1041 3136 opus
1079 3058 1309 3117 esseut
1356 3048 1443 3113 ad
1489 3047 1767 3128 bellum,
1803 3048 2154 3132 imperare,
2199 3066 2404 3133 quam
2452 3046 2930 3113 convenienter
2971 3046 3050 3113 ad

865 3162 1266 3239 praesentem
1291 3154 1573 3219 sortuuae
1598 3158 1847 3218 nostrae
1879 3158 2131 3217 statum
2163 3150 2368 3217 locuti
2396 3151 2585 3215 estis.
2672 3148 2862 3230 Quid
2889 3152 3050 3215 euim

865 3258 1065 3322 nobis
1094 3258 1181 3322 ad
1226 3256 1501 3322 Cannas
1530 3255 1826 3321 relictum
1869 3260 1995 3334 est,
2025 3259 2120 3333 ut,
2159 3254 2358 3339 quasi
2389 3253 2642 3339 aliquid
2671 3253 3050 3332 habeamus,

871 3359 967 3437 id,
1008 3359 1189 3445 quod
1233 3360 1447 3439 deest,
1480 3358 1742 3443 expleri
1783 3360 1870 3425 ab
1902 3359 2107 3425 sociis
2137 3358 2468 3424 velimus?
2559 3356 2836 3422 Pedites
2865 3356 3051 3424 vobis

930 3496 1058 3545 Ut
1077 3499 1421 3546 contemnerent
1445 3494 1698 3558 inpensas
1731 3494 2017 3557 Roman,
2037 3494 2162 3559 quod
2187 3493 2340 3543 adhuc
2359 3491 2576 3543 nonnihil
2594 3490 2958 3543 mbo-tr.-
2983 3506 3052 3541 res

867 3575 1062 3611 unaco·
1039 3561 1369 3623 ⁸,th
1386 3565 1537 3610 aena
1538 3560 1627 3609 tim
1648 3562 1956 3611 desciscerent
1978 3576 2008 3609 a
2033 3560 2112 3609 Ro
2113 3558 2285 3615 nanis,
2304 3560 2386 3621 ξε.

867 3622 1293 3742 aciem-'mu
1312 3630 1543 3691 quamn
1560 3627 1659 3677 diei
1677 3632 1834 3693 potest
1857 3625 2194 3691 dignissima
2213 3626 2340 3688 apud
2361 3622 2526 3686 meins,
2546 3621 2590 3672 si
2611 3620 2727 3673 beas
2745 3619 2917 3686 offecti
2931 3620 3052 3681 sais-

864 3834 990 3887 vid.
1014 3836 1105 3889 int'.
1142 3842 1199 3887 et
1238 3836 1363 3889 Not.
1382 3837 1494 3887 Var
1496 3840 1642 3887 .—1s
1674 3837 1802 3887 Vet.
1823 3838 1914 3887 lib.
1937 3835 2075 3900 apud
2098 3835 2274 3901 Sigon.
2296 3836 2478 3886 adesset
2483 3838 2631 3885 .—1o
2659 3833 2791 3885 Mali
2797 3842 2820 3882 t
2843 3834 3051 3898 Rupert-

852 3900 962 3963 juas
997 3917 1107 3953 uero
1142 3903 1215 3952 ita
1251 3902 1488 3967 obsequio.
1498 3906 1621 3953 —20
1667 3902 1834 3953 Plebis
1869 3902 2007 3953 Edd.
2045 3909 2168 3952 aute
2205 3902 2416 3952 Gronov
2419 3904 2530 3951 .—1
2581 3897 2666 3949 Al.
2696 3904 3052 3965 malasque.—

864 3970 898 4017 2
930 3968 1092 4026 Olim,
1106 3983 1164 4019 ae
1186 3968 1239 4017 id
1258 3970 1493 4033 extenplo
1512 3970 1766 4035 efficerem.
1768 3972 1865 4019 -8
1901 3968 2056 4018 Malit
2078 3966 2270 4018 Bauer.
2288 3972 2413 4017 erut.

1850 4080 2071 4133 NoTAE

927 4162 956 4200 Ι*
991 4165 1133 4222 Quod
1165 4163 1442 4215 connubium
1484 4163 1744 4229 vetustam]
1801 4166 1926 4215 Coa-
2001 4170 2142 4213 esset
2175 4162 2389 4229 speciali
2427 4164 2560 4227 lege.
2625 4160 2906 4225 Campanis
2937 4170 3052 4207 vero

862 4241 1055 4292 flabiam
1090 4248 1174 4292 est
1206 4244 1379 4292 uxoris
1398 4242 1520 4308 jure
1555 4241 1812 4293 ducende
1844 4240 1922 4292 fa·
1999 4240 2224 4290 noudum
2241 4238 2596 4302 omuibus,sed
2615 4250 2790 4298 eorum
2809 4233 3049 4301 pluribus,

864 4315 1063 4366 cultas:
1085 4316 1343 4367 habebant
1367 4325 1541 4367 autem
1562 4317 1781 4369 Romani
1799 4332 1923 4369 con·
1999 4318 2271 4383 speciatim
2287 4318 2412 4368 data
2427 4318 2612 4373 civitas
2627 4314 2820 4375 fuerat,
2833 4322 2894 4365 ut
2912 4318 3047 4379 patet

865 4392 1077 4443 nubium
1110 4407 1227 4443 cum
1265 4394 1466 4445 civibus
1492 4396 1769 4458 Romanuin
1803 4410 1924 4449 eum
1999 4410 2064 4447 ex
2089 4396 2262 4463 capite
2283 4396 2543 4463 sequenti.

862 4470 1151 4535 peregrinis
1174 4470 1249 4521 ita
1277 4469 1530 4523 duntaxat
1551 4471 1593 4523 si
1616 4484 1922 4523 eoncessum
