3300 5225
855 515 1063 565 usin
1112 511 1943 563 xx.·sur1²1.1msswrum.
2324 495 2503 563 1686

275 662 442 723 nani
479 657 709 719 auxilia
745 655 1033 719 dederunt
1070 657 1384 729 Romanis,
1409 657 1711 717 hominum
1734 655 1924 717 millia
1944 654 2175 735 viginti,

275 759 386 839 qui
409 755 564 835 jussi
583 764 721 815 sunt
752 754 1030 815 finitimos
1055 754 1242 815 Boios
1263 762 1422 815 metu
1449 762 1508 813 et
1539 753 1773 814 damnis
1810 751 1888 812 ad
1926 753 2179 833 patriam

277 852 562 915 urendam
601 872 833 931 cogere,
859 872 933 911 ne
969 870 1108 911 cum
1141 852 1351 912 ceteris
1385 851 1642 911 hostium
1678 848 1863 929 copiis
1899 850 2179 929 conjungi

277 956 558 1032 possent:
603 946 840 1029 quando
881 968 920 1009 a
956 946 1220 1009 bellandi
1259 947 1503 1009 consilio
1535 946 1849 1025 legationis
1882 944 2179 1006 Romanae

277 1046 492 1107 studiis
525 1044 762 1107 avocari
797 1045 1198 1125 nequiverant.
1279 1044 1532 1105 Venetis
1553 1044 1709 1103 enim
1736 1051 1798 1103 et
1823 1041 2179 1103 Cenomanis
2232 1056 2416 1113 suabe,
2438 1055 2473 1104 1.

279 1142 362 1203 ad
381 1142 816 1203 instaurandam
835 1162 970 1203 cum
988 1141 1209 1223 populo
1227 1140 1507 1202 Romano
1525 1140 1845 1201 amicitiam
1869 1139 2180 1220 persuasis,
2206 1124 2501 1253 ngifffgx·

282 1239 572 1301 Insubres
597 1239 852 1320 Boiique
878 1240 938 1299 in
963 1238 1160 1299 hostili
1187 1239 1382 1298 animo
1405 1237 1821 1319 propositoque
1860 1234 2181 1317 perstitere.
2204 1258 2289 1305 28.

283 1335 546 1397 Minutae
585 1346 784 1397 tamen
817 1337 968 1397 vires
991 1356 1192 1396 eorum
1215 1343 1374 1406 sunt,
1399 1354 1516 1394 non
1554 1333 1711 1393 ausis
1733 1352 1967 1393 omnem
1992 1352 2181 1393 arma-

279 1442 480 1494 torum
521 1432 950 1494 multitudinem
989 1432 1237 1494 educere
1277 1432 1533 1511 regibus,
1573 1431 1913 1511 coactisque
1954 1438 2183 1510 partem

271 1531 612 1610 juventutis
650 1529 728 1590 ad
767 1529 918 1591 fines
939 1527 1342 1590 defendendos
1375 1528 1725 1608 relinquere.
1808 1525 1911 1587 Ita
1943 1525 2185 1606 reliquis

280 1648 424 1689 oum
463 1627 652 1707 copiis
675 1626 964 1708 (peditum
990 1626 1419 1708 quinquaginta
1449 1624 1661 1697 millia,
1686 1624 1952 1703 equitum
1976 1621 2187 1702 viginti

281 1725 770 1803 numerabantur)
796 1726 908 1785 iter
931 1745 1036 1805 per
1063 1724 1363 1784 Etruriam
1387 1731 1613 1783 tentare
1637 1728 1959 1802 coeperunt.

367 1827 474 1883 36.
519 1819 761 1881 Interea
789 1821 860 1882 L.
887 1820 1166 1881 AEmilius
1192 1820 1276 1888 Q.
1306 1820 1382 1881 F.
1408 1819 1525 1881 Cn.
1556 1818 1646 1880 N.
1677 1818 1910 1899 Papus,
1938 1815 2015 1877 G.
2042 1815 2185 1877 Ati-

281 1916 402 1977 lius
445 1917 541 1977 Μ.
581 1918 652 1977 F.
701 1918 794 1979 M.
844 1916 936 1979 N.
979 1916 1252 1997 Regulus
1275 1920 1328 1950 ¹0
1379 1915 1695 1978 eonsules?
1739 1912 2077 1975 Sardiniam
2124 1922 2189 1973 et

285 2014 634 2076 Ariminum
655 2035 790 2076 cum
813 2014 1010 2076 vicina
1034 2013 1245 2075 Gallia
1266 2013 1595 2095 provincias
1618 2012 1946 2073 obtinuere.
2014 2008 2189 2071 Sardi
2214 2018 2381 2071 Zona.

282 2114 446 2174 enim
499 2113 728 2191 gravati
775 2120 1117 2195 perpetuam
1169 2111 1433 2174 Romani
1485 2111 1749 2193 praetoris
1795 2107 2189 2191 praeentiam,

282 2210 596 2289 fascesque
621 2228 738 2270 non
763 2218 900 2271 ante
923 2216 1288 2290 conspectos,
1315 2209 1525 2269 iterum
1549 2206 1890 2268 tumultuati
1920 2206 2188 2266 fuerant:

283 2306 396 2369 sed
431 2307 544 2367 hos
583 2304 660 2366 C.
689 2306 916 2369 Atilius
952 2305 1157 2370 consul
1194 2303 1357 2367 haud
1391 2324 1604 2384 magno
1643 2304 1880 2383 negotio
1912 2301 2188 2363 coercuit.
2243 2316 2419 2383 Polyb.
2452 2330 2515 2363 ιι.

289 2404 502 2483 Major
523 2402 708 2463 moles
734 2403 805 2464 L.
833 2403 1076 2465 AEmilio
1099 2422 1236 2464 cum
1263 2401 1462 2463 Gallis
1485 2402 1621 2473 fuit,
1647 2408 1925 2482 perrupta
1952 2399 2191 2459 Etruria
2213 2385 2485 2513 zz’oi'ytbz}
2493 2479 2508 2495 ⁶

287 2500 560 2561 Romam
601 2500 988 2562 tendentibus.
1070 2500 1196 2560 Eos
1229 2507 1465 2580 praetor,
1493 2500 1590 2560 cui
1627 2498 1869 2558 Etruria
1894 2496 2195 2578 provincia
2215 2516 2296 2563 25.

288 2596 538 2660 decreta
559 2596 774 2670 fuerat,
796 2617 935 2660 eum
961 2617 1158 2658 arcere
1182 2596 1428 2658 transitu
1453 2595 1831 2677 nequivisset,
1858 2592 2017 2655 circa
2044 2591 2195 2652 clu·
2216 2577 2421 2694 gffffl’·
2445 2590 2510 2622 ¹¹·

285 2695 444 2757 sium
493 2703 860 2766 consecutus,
906 2693 1193 2776 praecipiti
1245 2693 1305 2753 in
1359 2713 1632 2754 occasum
1674 2691 1797 2762 die,
1843 2699 2039 2752 castra
2076 2708 2193 2749 non
2248 2704 2424 2770 Polyb.
2446 2717 2511 2750 11.

289 2790 502 2872 procul
557 2791 635 2850 ab
684 2790 992 2852 hostilibus
1033 2790 1248 2870 posuit.
1352 2787 1546 2860 Galli,
1589 2809 1711 2869 quo
1760 2787 2068 2849 Romanos
2114 2785 2194 2846 ad
2217 2777 2299 2824 ²⁶·

291 2907 558 2970 pugnam
591 2887 891 2960 elicerent,
923 2885 1205 2947 meditato
1245 2883 1408 2957 dolo,
1433 2905 1569 2946 cum
1609 2885 1768 2946 omni
1808 2883 2074 2965 peditatu
2115 2882 2195 2942 ad

291 2984 581 3066 oppidum
627 2982 894 3044 Faesulas
945 2991 1232 3044 nocturno
1281 2981 1486 3042 itinere
1536 2982 1917 3063 perveniunt:
1979 2979 2199 3040 relictis

293 3081 618 3162 equitibus,
657 3080 870 3161 quibus
907 3080 1254 3161 imperatum
1291 3078 1506 3150 fuerat,
1549 3087 1617 3139 ut
1656 3087 1784 3138 orto
1822 3077 1921 3138 die
1942 3077 2196 3157 ‹conspi-

295 3176 542 3240 ciendos
577 3198 642 3238 se
677 3185 906 3238 tantum
947 3176 1276 3258 praeberent
1313 3175 1600 3246 hostibuS,
1626 3173 1837 3235 deinde
1878 3175 2077 3234 statim
2119 3172 2199 3232 ad

297 3274 532 3356 pedites
554 3295 618 3335 se
642 3273 943 3346 referrent,
969 3281 1162 3333 castra
1185 3271 1263 3330 ad
1288 3270 1683 3352 recipiendum
1707 3271 2031 3351 equitatum
2064 3271 2199 3330 hos-

299 3381 508 3453 tesque
535 3391 613 3431 ex
633 3371 947 3453 improviso
967 3367 1292 3430 turbandos
1315 3378 1458 3449 apto
1480 3367 1614 3430 loco
1639 3368 1957 3428 habituros.

381 3475 486 3532 37.
529 3467 628 3528 Ea
649 3467 810 3528 fraus
826 3466 1116 3530 Romanis
1133 3466 1428 3546 imposuit,
1447 3474 1516 3526 ut
1531 3465 1701 3546 quasi
1717 3464 2007 3543 fugientes
2024 3462 2199 3524 avide

299 3573 714 3646 sequerentur:
758 3565 843 3625 ita
865 3565 1022 3625 circa
1050 3560 1313 3623 Faesulas
1338 3581 1376 3621 a
1399 3563 1729 3624 recentibus
1752 3570 1815 3622 et
1846 3561 2066 3642 paratis
2090 3580 2201 3620 ex-

302 3662 465 3744 cepti
505 3671 664 3734 suut,
687 3661 824 3722 fessi
861 3680 1057 3732 cursu,
1087 3669 1152 3721 et
1189 3658 1455 3732 consilio,
1481 3669 1550 3720 ut
1588 3659 1648 3719 in
1688 3680 1751 3719 re
1790 3678 1901 3719 nec
1934 3657 2198 3739 opinata,

302 3759 591 3823 destituti.
661 3758 842 3826 Quod
868 3776 1048 3820 unum
1069 3765 1390 3837 supererat,
1416 3755 1731 3838 pugnando
1754 3755 1903 3816 tueri
1926 3753 2199 3824 salutem,

306 3866 416 3918 aut
467 3855 766 3918 vindicare
805 3855 1144 3935 sanguinem
1181 3861 1473 3914 statuere:
1537 3853 1642 3914 sed
1683 3861 1892 3935 praeter
1932 3851 2053 3911 alia
2090 3869 2200 3909 nu-

305 3974 471 4015 mero
512 3973 746 4035 quoque
786 3951 1152 4016 vincentibus
1195 3950 1413 4022 Gallis,
1455 3951 1649 4032 plures
1694 3971 1800 4011 sex
1844 3947 2108 4009 millibus<
2142 3946 2203 4005 in

311 4105 738 4224 Nlmlgrev.
761 4121 827 4158 ex
851 4107 994 4158 Fast.
1018 4105 1194 4170 Cspit.
1249 4103 1385 4156 Edd.
1416 4105 1616 4172 priores
1655 4108 1715 4157 G.
1738 4105 1921 4158 Atilius
1942 4101 2021 4153 M,
2044 4099 2103 4152 F.
2126 4100 2207 4152 M.

1082 4247 1200 4269 ‘Cu
1206 4247 1438 4271 mOOOOO

873 4357 905 4392 P
937 4347 1002 4400 Α.
1023 4347 1092 4399 U.
1115 4349 1173 4400 C.
1196 4353 1311 4402 52⁷.
1347 4349 1413 4401 A.
1441 4349 1508 4401 C.
1526 4352 1641 4401 225.
