3300 5225
2321 476 2497 544 182⁷

276 635 493 700 verba
527 634 734 714 facta,
780 639 855 701 ut
894 633 1224 701 dicerent:
1267 638 1292 670 ‘
1320 635 1512 701 Scire
1542 641 1674 715 se,⁵
1721 633 2010 702 Romani
2053 635 2292 721 populi
2325 655 2496 702 aera-

275 736 455 801 rium
487 737 670 802 bello
696 737 1076 803 exhauriri:
1122 742 1212 817 et,
1236 735 1437 802 cum⁶
1468 737 1682 822 juxta
1711 755 1834 821 pro
1877 737 2150 803 urbibus
2181 739 2494 823 agrisque

276 841 647 917 sociorum,
692 859 777 906 ac
815 860 943 926 pro
984 841 1209 925 capite
1252 846 1459 925 atque
1508 861 1666 906 arce
1713 839 1957 914 Italiae,
1985 841 2146 906 urbe
2173 840 2494 906 Romana

278 948 493 1026 atque
553 941 841 1027 imperio
900 952 1188 1027 geratur,
1236 962 1507 1027 aequum
1564 942 1916 1009 censuisse
1968 940 2492 1026 Neapolitanos,
2521 955 2530 958 ·

276 1045 471 1126 quod
502 1046 652 1110 auri
682 1045 816 1111 sibi
845 1065 999 1110 cum
1028 1045 1117 1110 ad
1148 1045 1553 1128 templorum
1585 1052 1945 1123 ornatum‚⁷
1978 1053 2121 1108 tum
2151 1045 2240 1109 ad
2273 1045 2490 1108 subsi-

275 1143 467 1211 dium
496 1147 786 1215 fortuuoe
815 1169 857 1214 a
886 1146 1255 1234 majoribus
1294 1149 1601 1214 relictum
1644 1148 1843 1228 foret,
1882 1167 1964 1212 eo
1997 1148 2240 1231 juvare
2271 1166 2492 1232 popu·

274 1247 417 1312 lum
450 1248 864 1316 Romanum.
952 1251 1028 1316 Si
1058 1269 1259 1335 quam
1290 1248 1532 1334 opem⁸
1563 1250 1631 1315 in
1675 1269 1822 1315 sese
1849 1250 2214 1330 crederent,
2245 1250 2488 1315 eodem

274 1351 512 1416 studio
540 1353 757 1418 fuisse
782 1353 1149 1420 oblaturos.
1234 1351 1516 1418 Gratum
1554 1353 1689 1418 sibi
1720 1351 1960 1417 Patres
1989 1351 2340 1418 Romanos
2369 1371 2488 1436 po-

274 1453 649 1539 pulumque
700 1459 1057 1534 facturum,
1110 1455 1171 1519 si
1221 1472 1453 1519 omnes
1498 1473 1611 1518 res
1671 1453 2280 1537 Neapolitanorum
2327 1473 2490 1519 suas

274 1555 679 1640 duxissent3
725 1558 1097 1642 dignosque
1131 1555 1599 1642 judicaverint,
1631 1555 1722 1622 ab
1751 1556 1996 1642 quibus
2038 1557 2313 1634 donum,
2343 1557 2488 1620 aniss

273 1677 391 1722 mo
414 1677 497 1724 ac
518 1657 891 1727 voluntatei
919 1680 1177 1737 eornm,
1200 1659 1321 1744 qui
1341 1659 1628 1725 libentes
1650 1659 1906 1737 darent,
1928 1678 2131 1742 qnam
2151 1679 2247 1735 re,
2269 1659 2488 1743 majus

274 1761 729 1848 ampliusque,
762 1761 1189 1849 acciperent.’
1272 1761 1549 1844 Legatis
1598 1760 1836 1845 gratiae
1876 1769 2048 1826 actae
2079 1783 2196 1845 pro
2229 1763 2485 1827 munifi-

272 1865 503 1930 centia
528 1885 850 1952 curaque.
884 1866 1153 1945 Patera‚
1174 1885 1327 1949 quas
1346 1864 1670 1949 ponderis
1687 1863 1943 1930 minimi
1958 1860 1984 1902 Β
2006 1864 2152 1944 fuit,
2177 1871 2484 1950 accepta.

356 1965 472 2031 33.
514 1968 655 2033 Per
697 1969 968 2036 eosdem
1006 1969 1153 2034 dies
1193 1968 1575 2054 speculator
1604 1966 2196 2050 Carthaginiensis,
2220 1970 2337 2053 qui
2367 1989 2488 2053 per

272 2067 621 2136 biennium
651 2071 1011 2152 fefellerat,
1036 2072 1279 2137 Romae
1301 2070 1780 2156 deprehensus,
1804 2071 2248 2156 praecisisque
2275 2073 2485 2136 mani-

270 2171 403 2236 bus
451 2173 816 2240 dimissus:
861 2185 929 2243 et
967 2175 1147 2241 servi
1186 2175 1488 2260 quinque
1527 2181 1597 2240 et
1636 2174 1873 2259 viginti
1913 2175 1982 2239 in
2023 2193 2288 2239 crucem
2319 2176 2483 2254 acti,

274 2275 465 2358 quod
506 2277 577 2342 in
605 2277 1143 2363 campo'Martio
1182 2277 1677 2362 conjurassent.
1766 2275 1987 2342 Indici
2016 2275 2177 2342 data
2209 2277 2484 2342 libertas

272 2381 343 2441 et
386 2367 549 2444 ‘aeris
602 2383 827 2464 gravis
875 2383 1109 2466 viginti
1150 2378 1399 2447 millia-¹
1486 2379 1732 2463 Legati
1775 2386 1846 2445 et
1891 2379 1979 2443 ad
2025 2378 2484 2462 Philippum'*

276 2477 743 2550 Macedonum
786 2489 1023 2570 ‘regem
1092 2485 1290 2551 missi
1350 2483 1439 2551 ad
1499 2483 2003 2570 deposcendum
2065 2480 2482 2546 Demetrium

1006 490 1155 540 mn.
1202 490 1409 541 xxu.
1456 491 1623 542 cn».
1665 475 1776 542 33.

1198 2666 1560 2689 mm&

266 2782 297 2827 6
319 2777 406 2828 ΑΙ.
427 2787 597 2832 se.—6
619 2783 727 2833 Pro
744 2790 795 2835 et
818 2800 925 2835 cum
941 2786 1167 2837 malebat
1187 2788 1242 2839 J.
1266 2786 1326 2837 F.
1350 2786 1581 2836 Gronov.
1602 2786 1657 2834 ia
1676 2798 1801 2848 cm,
1822 2788 1877 2831 et
1901 2793 1997 2846 pro
2008 2784 2481 2845 geratur-,cernatur-

270 2847 366 2892 -7
401 2842 491 2895 Al.
528 2850 593 2896 ud
627 2850 836 2913 ipsorum
872 2858 1209 2902 ornatum—8
1243 2854 1259 2881 ‘
1290 2851 1535 2902 Dukerus
1580 2864 1684 2899 nou
1723 2848 1983 2897 immerito
2021 2847 2402 2911 suspicabatur,
2435 2846 2482 2895 εἰ

271 2923 420 3024 {21:⁸2
442 2908 970 3030 wstffiafumm'
986 2932 1119 2981 opem
1150 2918 1492 2982 peculiariter
1524 2915 1591 2967 de
1616 2928 1875 2965 armorum
1897 2926 1999 2978 ope
2021 2912 2368 2977 intelligamus
2389 2922 2482 2961 ne·

1258 3059 1487 3114 No'rAE

330 3152 347 3187 ¹
377 3155 459 3206 Ab
486 3155 654 3221 quibua
678 3160 869 3217 donum,
903 3158 1062 3211 animo
1086 3177 1145 3211 uc
1172 3162 1332 3211 votan-
1415 3164 1563 3211 certe
1597 3162 1823 3219 constet,
1848 3168 1938 3205 eos
1961 3155 2062 3205 boe
2087 3158 2320 3219 tempore
2343 3166 2479 3203 sum·

270 3230 395 3297 me]
461 3232 767 3285 Muneribus
820 3236 1141 3300 praeclpunm
1195 3235 1331 3286 haud
1413 3248 1501 3285 ma
1522 3247 1696 3284 rernm
1720 3230 1945 3281 omnium
1969 3230 2144 3293 iuopia
2163 3226 2445 3279 laborasse.

270 3304 425 3357 dubie
450 3310 675 3373 pretinm
692 3310 756 3362 ab
778 3309 971 3362 affeetu
986 3311 1331 3363 offerentium.
1476 3312 1491 3347 ¹
1522 3312 1593 3363 Ee
1612 3310 1731 3361 eris
1747 3308 1916 3372 granis
1935 3306 2117 3371 viginti
2137 3306 2313 3370 millia]
2349 3304 2472 3356 Hoc

272 3382 439 3433 Porro
472 3398 574 3435 uon
609 3385 873 3438 illibenter
893 3402 993 3451 ego
1024 3387 1153 3437 illud
1180 3388 1327 3439 liben-
1413 3396 1649 3455 tempore
1682 3402 1824 3437 asset
1860 3401 1890 3435 a
1913 3384 2044 3434 libra
2068 3381 2132 3433 ad
2152 3384 2353 3433 unciam
2378 3382 2478 3431 sal-

1410 3475 1519 3518 tem
1540 3464 1760 3529 redacti,
1782 3463 1860 3513 ita
1879 3469 1940 3511 ut
1961 3460 2199 3511 videatur
2223 3474 2295 3508 ει
2318 3473 2476 3523 grave

1413 3558 1507 3610 per
1538 3543 1654 3593 baee
1685 3546 1926 3604 tempora
1955 3536 2152 3587 nullum
2178 3536 2230 3585 in
2256 3536 2479 3599 pecunia

1410 3626 1682 3671 numerata
1703 3616 1894 3668 fuisset
1930 3614 2101 3679 potuit
2119 3618 2290 3663 tamen
2311 3610 2476 3661 infec-

1409 3698 1453 3750 ti
1475 3697 1593 3747 eris
1613 3696 1716 3745 hoc
1735 3692 1965 3761 pondere
1979 3689 2345 3755 conjurationis
2371 3702 2478 3737 ser·

1412 3774 1529 3825 vili·
1551 3771 1714 3823 index
1734 3770 1934 3833 donari,
1952 3768 2099 3831 cujus
2133 3766 2358 3832 pretium
2387 3765 2476 3815 ho·

272 3462 341 3508 tea
359 3458 647 3511 deleverim
668 3477 685 3524 3
716 3462 843 3513 satis
871 3464 1009 3513 euim
1033 3478 1115 3514 re·
1136 3464 1331 3515 iudica·

274 3542 353 3585 tur
392 3538 438 3586 si
471 3536 634 3596 dicas,
668 3540 843 3590 donum
879 3542 1119 3591 voluntate
1152 3557 1331 3603 cerunt,

272 3613 347 3675 qni
378 3615 570 3678 deren,
590 3630 728 3679 quum
763 3631 819 3665 re
852 3618 1009 3680 παύω
1040 3619 1332 3684 amplumque

271 3690 551 3753 acciperent.

328 3764 355 3799 ἱ
375 3766 583 3831 Pater-a,
598 3782 702 3832 quae
714 3769 939 3833 ponderis
956 3768 1165 3834 minimi]
1179 3770 1333 3835 Mag-

270 3842 491 3895 nitudini
534 3846 711 3911 animi,
761 3860 827 3897 an
883 3850 1211 3911 arrogantie,
1263 3862 1331 3899 au

271 3920 563 3984 prudentia
588 3924 758 3987 potius
778 3922 831 3972 in
855 3922 1237 3975 dissimulandis
1250 3926 1331 3975 in-

273 3996 570 4061 commodis,
592 3998 899 4050 ascribenda
916 4001 985 4051 tit
1005 4002 1121 4052 brec
1142 4002 1331 4053 Roma-

270 4086 450 4125 norum
472 4075 745 4140 modestia,
766 4076 821 4126 in
858 4078 1331 4143 Neapolitanorum

272 4162 480 4201 munere
512 4148 625 4201 fere
646 4153 873 4217 omniuo,
898 4154 1329 4219 quemadmodum

272 4226 323 4277 in
354 4243 481 4277 auro
512 4229 871 4279 Paestaucrum
898 4237 1086 4295 postea
1120 4231 1329 4281 omniuo

273 4305 611 4369 repudiando,
650 4313 709 4357 nt
746 4307 1037 4359 videbimur
1080 4322 1203 4374 cap.
1246 4312 1330 4360 δῦ.

272 4376 405 4433 haud
446 4382 571 4435 natis
611 4382 750 4448 apud
804 4397 888 4434 me
939 4389 1127 4435 statuo.
1192 4384 1331 4436 Illud

1411 3850 1497 3901 die
1522 3854 1664 3899 esset
1683 3845 1929 3896 librarum
1953 3846 2135 3893 13500.

1483 3924 1680 3990 Viginti
1719 3918 1896 3984 millia]
1927 3918 2134 3980 Pondo,
2169 3916 2292 3983 quia
2328 3916 2476 3967 addi-

1410 4010 1495 4056 tur
1536 4002 1651 4053 aris
1691 3998 1896 4063 gravin-
1949 4010 2066 4046 nem
2109 3995 2354 4060 alioquin,
2395 3996 2474 4046 his

1409 4078 1756 4145 temporibus,
1785 4086 1926 4126 asses
1947 4078 2220 4137 coeperunt
2242 4086 2356 4122 esse
2382 4085 2473 4122 un-

1410 4158 1587 4208 ciales.
1616 4155 1676 4204 J.
1707 4151 1936 4203 clericus.

1474 4240 1512 4267 ¹¹¹
1543 4231 1626 4282 Aa
1668 4222 1971 4292 Philippum]
2024 4224 2351 4273 Penultimus
2387 4224 2475 4275 bic

1408 4309 1509 4361 fuit
1529 4305 1880 4359 Macedonum
1897 4316 2010 4365 rex,
2036 4300 2290 4352 Demetrii
2313 4300 2470 4365 filiun,

1409 4394 1469 4439 et
1510 4391 1629 4452 post
1671 4380 1994 4447 Antigonum
2039 4384 2267 4431 tutorem
2321 4390 2470 4429 suum
