3300 5225
2348 528 2524 597 1693

390 690 503 757 24.
536 688 731 770 Inde,
756 706 840 756 ne
868 708 1055 757 mora
1084 694 1285 777 atque
1330 692 1543 758 otium
1584 692 1844 760 animos
1880 692 2318 772 solicitarent,
2365 712 2524 757 eum

308 794 593 880 reliquis
638 795 861 880 copiis
907 794 1315 879 Pyrenaeum
1364 796 1857 879 transgreditur,
1911 803 1981 863 et
2031 796 2120 862 ad
2191 796 2524 881 oppidum

310 896 677 962 Illiberim
708 903 929 963 castra
958 899 1166 964 locat.
1228 898 1419 965 Galli
1448 918 1838 985 quanquam
1869 900 2096 966 Italiae
2139 900 2388 963 bellum
2419 900 2522 963 in-

306 1000 467 1065 ferri
512 998 899 1081 audiebant,
946 1008 1189 1081 tamen,
1240 1003 1403 1088 quia
1441 1004 1509 1068 vi
1549 1005 1870 1070 subactos
1917 1010 2094 1069 trans
2126 1002 2524 1087 Pyrenaeum

310 1102 667 1186 Hispanos
725 1102 901 1169 sama
958 1110 1123 1183 erat,
1176 1105 1630 1191 praesidiaque
1672 1106 1901 1172 valida
1951 1106 2290 1191 imposita,
2341 1111 2524 1171 metu

310 1204 655 1269 servitutis
679 1204 767 1269 ad
799 1224 981 1269 arma
1003 1208 1459 1286 consternati,¹²
1505 1207 1974 1274 Ruscinonem
2000 1208 2263 1293 aliquot
2283 1207 2526 1292 populi

308 1306 769 1372 conveniunt.⁰
854 1306 1063 1385 Quod
1092 1310 1210 1372 ubi
1260 1308 1631 1375 Hannibali
1676 1312 2059 1377 nuntiatum
2091 1320 2218 1389 est,
2270 1328 2526 1375 moram

307 1411 553 1495 magis,
604 1428 811 1495 quam
856 1412 1127 1490 bellum,
1176 1420 1505 1491 metuens,
1555 1418 1854 1480 oratores
1882 1414 1968 1480 ad
1997 1415 2262 1499 regulos
2292 1432 2526 1478 eorum

306 1514 514 1593 misit,
546 1518 569 1549 ‘
591 1513 885 1599 colloqui
918 1522 1129 1581 semet
1155 1516 1381 1601 ipsum
1416 1516 1587 1582 velle
1618 1537 1776 1583 cum
1804 1518 1953 1601 his;
1999 1525 2067 1584 et
2107 1517 2215 1582 vel
2247 1516 2344 1581 illi
2367 1533 2526 1600 pro-

308 1614 467 1699 pius
514 1616 773 1681 Illiberi
806 1616 1227 1697 accederent,
1257 1618 1370 1683 vel
1396 1638 1469 1684 se
1498 1617 1980 1686 Ruscinonem
2023 1636 2526 1705 processurum,

310 1726 393 1783 ut
423 1738 513 1785 ex
540 1720 922 1805 propinquo
949 1739 1353 1805 congressus
1382 1722 1643 1789 facilior
1671 1729 1886 1789 esset:
1930 1742 2082 1788 nam
2113 1729 2184 1787 et
2211 1725 2528 1805 acceptu-

306 1842 459 1887 rum
481 1842 602 1888 eos
630 1824 699 1887 in
728 1832 948 1889 castra
975 1844 1102 1889 sua
1132 1845 1211 1890 se
1240 1824 1498 1906 laetum,
1517 1845 1641 1891 nec
1671 1830 2062 1892 cunctanter
2091 1843 2168 1889 se
2186 1824 2412 1908 ipsum
2438 1820 2528 1886 ad

308 1944 431 1990 eos
462 1932 832 1993 venturum.
918 1926 1289 2011 Hospitem
1321 1928 1501 1994 enim
1530 1948 1605 1993 se
1636 1927 2064 2008 Galliae‚·non
2091 1926 2382 2002 hostem,
2406 1922 2526 1988 ad-

304 2029 619 2095 venisse:
662 2049 793 2096 nec
822 2029 1205 2096 stricturum
1242 2038 1401 2096 ante
1431 2030 1752 2113 gladium,
1781 2031 1992 2115 siper
2019 2028 2266 2095 Gallos
2293 2027 2526 2106 liceat,
2555 2068 2567 2080 -

306 2150 521 2214 quam
576 2133 649 2197 in
687 2132 959 2197 ltaliam
1005 2130 1343 2199 venisset?
1430 2133 1521 2200 Et
1566 2154 1687 2219 per
1729 2134 1998 2199 nuntios
2045 2131 2320 2219 quidem
2357 2129 2530 2195 haec.

304 2232 411 2299 Ut
452 2255 613 2300 vero
660 2234 868 2317 reguli
927 2234 1305 2313 Gallorum,
1356 2236 1599 2302 castris
1650 2235 1741 2302 ad
1792 2235 2120 2301 Illiberim
2175 2232 2527 2316 extemplo

302 2338 546 2418 motin,
573 2338 756 2405 haud
783 2346 1055 2423 gravate
1073 2339 1163 2406 ad
1181 2339 1471 2405 Poenum
1496 2349 1864 2423 venerunt3
1911 2339 2100 2426 capti
2117 2337 2339 2418 donis,
2367 2356 2529 2403 cum

1043 542 1188 598 ιιι.
1236 544 1419 595 xxi.
1466 544 1631 595 cn».
1673 528 1784 596 24.

1569 2488 1599 2513 Ο

367 2590 405 2642 4
440 2586 675 2640 Illiberi-i
692 2586 801 2656 hie,
821 2594 881 2642 et
900 2584 999 2642 inf.
1024 2588 1227 2656 propius
1246 2587 1502 2657 Illiberim,
1523 2589 1744 2658 Doujat.
1766 2587 2003 2644 Crevier.
2021 2592 2155 2644 vett.
2175 2586 2298 2644 edd.

1309 2739 1530 2792 1401·AE

304 2849 441 2887 rene
464 2835 721 2902 Bebrycis
743 2836 883 2902 regia
904 2835 1030 2900 tilia,
1054 2835 1121 2888 ab
1146 2837 1377 2889 Hercule
1460 2845 1621 2890 tenue
1679 2837 1954 2904 vestigium
1977 2853 1994 2901 ς
2050 2840 2238 2903 postea
2287 2837 2532 2888 Caueoli·

302 2928 637 2978 compressa,
686 2915 862 2980 ibique
916 2914 1143 2979 aepulta.
1210 2915 1381 2978 Vulgo
1462 2917 1630 2969 berim
1667 2917 1944 2980 dixerunt,
1963 2923 2104 2969 nune
2123 2931 2310 2968 nomen
2333 2917 2531 2983 aliqua-

302 2991 377 3042 let
419 2991 591 3041 Monta
630 2990 894 3056 Pyrenen.
957 2991 1061 3042 Sed
1098 2993 1380 3058 aliquando

302 3067 469 3118 latina
502 3073 653 3132 patet
684 3069 785 3118 boe
823 3083 1029 3133 nomeu,
1064 3068 1139 3118 ita
1166 3075 1228 3119 ut
1262 3069 1379 3120 aliia

306 3145 585 3211 Hispania
604 3145 887 3208 montibus,
910 3149 999 3212 qni
1022 3147 1085 3196 ad
1108 3147 1381 3199 Oceanum

304 3222 698 3274 occidentalem
752 3224 821 3274 ab
864 3231 983 3275 ortu
1028 3224 1096 3274 ad
1138 3239 1380 3276 occasum

305 3301 610 3350 universam
632 3299 937 3366 Hispaniam
958 3301 1381 3359 dividunt,attri-

308 3375 539 3426 bnaturt
583 3375 739 3426 immo
767 3385 823 3426 et
852 3390 1216 3443 nonnunquam
1240 3375 1383 3428 Rbe-

308 3453 435 3502 tieia
468 3451 640 3516 jugia,
688 3453 910 3518 aliisque
955 3467 1053 3518 per
1096 3453 1383 3519 Illyricum,

309 3535 372 3579 at
410 3526 644 3591 Alpium,
677 3531 753 3579 ita
787 3537 842 3579 et
874 3529 1251 3595 Pyreuaeorum
1288 3547 1383 3583 no-

306 3619 432 3654 men
456 3605 751 3655 ascribatur
772 3621 789 3656 τ
829 3607 981 3670 vulgo
1003 3606 1239 3658 Preaaer.

374 3688 415 3714 ¹¹
448 3679 663 3743 Illiberi]
700 3679 783 3731 Ab
821 3680 1079 3746 Hispania
1123 3683 1379 3735 venienti-

310 3755 413 3808 bus
462 3756 749 3808 aee-ndum
798 3757 947 3809 littus
998 3759 1379 3813 Mediterranei

310 3834 493 3897 maria,
538 3833 690 3898 primi
728 3834 997 3884 Gallorum
1036 3835 1172 3886 ultra
1212 3837 1381 3902 Pyre·

311 3904 457 3962 nae'm
497 3910 677 3976 populi
709 3913 1057 3962 occurrebant
1100 3913 1383 3981 sardana,

310 3988 598 4038 Volcarum
639 3986 982 4050 Tectosagum
1028 4003 1169 4055 para,
1214 3999 1273 4040 ut
1316 4007 1385 4042 ex

1463 3001 1616 3045 tenua
1660 2995 1872 3059 retinet,
1917 2994 2160 3044 Collioare
2214 2993 2370 3059 vulgo
2419 2992 2530 3043 dle·

1464 3077 1592 3122 tum.

1524 3155 1551 3182 ⁸
1582 3147 1666 3198 Aa
1683 3161 1820 3197 arma
1853 3145 2170 3212 mutanti]
2207 3145 2340 3196 Livii
2376 3147 2532 3211 plu-a·

1460 3221 1551 3282 ais,
1570 3223 1966 3289 quimatennri
1987 3221 2261 3289 aliquando
2276 3221 2408 3272 dicit
2431 3235 2529 3286 pro

1462 3315 1525 3351 eo
1555 3300 1694 3366 quod
1732 3306 1814 3350 eat
1841 3299 2092 3349 concitari
2125 3306 2182 3348 et
2218 3300 2531 3350 commoveri

1462 3391 1581 3428 eum
1608 3375 1981 3442 trepidatione.
2017 3375 2110 3426 Sic
2131 3373 2226 3425 llb.
2244 3387 2346 3424 vn.
2367 3378 2383 3404 ⁶
2399 3375 2558 3425 mul·'

1462 3455 1633 3504 titudo
1676 3454 2067 3519 conjuratorum
2107 3449 2174 3500 ad
2219 3465 2362 3502 arma
2405 3465 2529 3503 cou-

1462 3529 1725 3583 sternata-⁹

1522 3615 1549 3642 ⁰
1583 3607 1900 3658 Bucinum
1921 3641 1936 3657 .
1961 3639 1976 3655 .
2003 3640 2018 3656 .
2043 3640 2058 3656 .
2079 3605 2386 3672 conveniant]
2425 3605 2528 3656 Ea·
2551 3609 2558 3616 ’

1461 3683 1581 3735 dem
1603 3681 1708 3734 fuit
1745 3697 2024 3748 progressu
2061 3684 2313 3748 temporis
2347 3684 2531 3733 Ruael·

1459 3761 1610 3810 noui·
1657 3774 1770 3810 aors
1807 3775 1868 3809 ae
1903 3759 2147 3808 Illiberi·-
2212 3759 2343 3810 Cum
2388 3759 2526 3810 enim

1460 3845 1619 3903 caput
1644 3839 1804 3888 totiua
1827 3835 1996 3902 gentle
2012 3833 2220 3898 fuisset,
2237 3837 2348 3901 eju·
2369 3837 2530 3887 bodie

1464 3915 1586 3964 nihil
1607 3919 1755 3964 extat
1790 3913 1956 3976 aliud,
1976 3928 2134 3979 quam
2173 3914 2332 3964 turris
2370 3928 2525 3979 quarn

1464 3991 1619 4052 vulgo
1642 3989 1930 4050 nominant,
1963 3990 2012 4040 la
2043 3994 2152 4038 tour
2169 3991 2230 4039 de
2253 3989 2529 4040 Romaiuoa

312 4064 611 4116 Ptolemae
634 4062 929 4125 colligiturz
952 4065 1005 4112 iu
1030 4065 1106 4114 lui·
1122 4065 1227 4114 duo
1250 4081 1383 4130 pre·
1455 4065 1615 4130 juxta
1650 4065 2054 4130 Perpinianurn;
2089 4065 2228 4114 unde
2252 4067 2530 4118 comitatui

312 4141 475 4205 eipna
497 4147 851 4188 memorantur
886 4139 1099 4205 oppida,
1138 4141 1382 4208 Illiberia,

310 4229 407 4266 aen
450 4214 685 4278 liuberti,
722 4221 780 4264 et
817 4215 1063 4276 Budua,-
1118 4217 1267 4282 illud,
1310 4219 1375 4268 ad

312 4307 457 4346 aran
480 4293 657 4354 altum,
696 4297 933 4357 tempore
956 4294 1115 4345 Plinii
1138 4305 1193 4346 et
1216 4297 1376 4346 Melia

310 4373 365 4424 ia
413 4371 586 4421 vicum
621 4369 859 4433 abierat;
912 4379 1129 4439 eratque
1176 4387 1379 4438 magum

312 4446 579 4517 quondam
614 4445 759 4498 urbia
792 4457 848 4500 et
882 4461 1185 4516 magnarum
1217 4465 1377 4517 opum

1461 4157 1674 4204 nomen,
1715 4155 1868 4207 quem
1909 4149 2100 4191 natura
2133 4157 2357 4210 uanoque
2389 4145 2528 4195 auti-

1464 4235 1593 4284 quua
1634 4218 1824 4270 Gallim
1875 4218 2228 4282 assignavere.
2329 4219 2529 4271 Recen-

1460 4296 1596 4344 tiora
1637 4295 1834 4344 menia
1873 4291 2026 4343 modo
2071 4291 2336 4360 Hispania,
2370 4295 2528 4347 modo

1458 4373 1647 4440 Gallis,
1681 4373 1870 4436 partim
1893 4367 2198 4430 toederibus,
2218 4373 2407 4439 partim
2443 4389 2526 4427 ar.

1458 4463 1660 4505 morum
1683 4449 1732 4502 ri
1756 4447 2090 4502 addixerunt.
