3300 5225
2269 479 2464 548 '1955

268 642 526 708 tirones
544 641 663 727 (ea
690 638 993 706 maxima
1014 644 1175 724 p‘ers
1196 639 1508 706 volonum
1535 635 1752 718 erat)⁴'
1775 645 2240 706 assuescerent
2267 641 2463 726 signa

264 746 485 831 sequi,
542 749 615 810 et
670 745 741 810 iu
798 743 947 810 acie
1004 761 1373 827 agnoscere
1428 741 1700 808 ordines
1757 761 1942 808 suos.
2058 743 2242 810 Inter
2301 763 2462 829 quae

260 847 571 914 maxima
596 847 811 912 inerat
838 865 1000 911 cura
1030 844 1235 920 duci‚⁵
1252 839 1280 881 ¹‘
1308 847 1535 930 itaque
1563 844 1810 928 legatis
1837 845 2260 932 tribunisque
2288 865 2463 931 proe-

259 955 569 1035 ceperat,
611 953 636 984 ‘
662 969 745 1014 ue
788 968 924 1033 qua
962 948 1393 1033 exprobratio
1441 947 1754 1033 cuiquam
1769 945 1800 988 ⁶
1843 948 2094 1014 veteris
2143 946 2462 1015 fortunse¹

262 1053 673 1119 discordiam
702 1052 874 1116 inter
898 1050 1169 1116 ordines
1207 1058 1497 1117 sereret:
1538 1057 1737 1116 vetus
1777 1050 1976 1116 miles
2021 1051 2252 1132 tironi,
2292 1052 2464 1118 liber

262 1156 499 1221 voloni
529 1173 682 1220 sese
712 1153 1064 1238 exoequari
1106 1152 1395 1220 sineret:
1438 1170 1668 1218 omues
1713 1153 1883 1226 satis
1921 1154 2237 1220 honestos
2266 1173 2460 1237 gene-

260 1277 599 1343 rososque
628 1257 961 1338 ducerent,
996 1257 1241 1340 quibus
1272 1275 1459 1322 arma
1488 1275 1615 1322 sua
1642 1255 1972 1339 signaque
1991 1256 2284 1341 populus
2316 1256 2460 1322 Ro-
2523 1273 2530 1280 ’

260 1379 501 1428 manus
520 1357 983 1425 commisisset.
1028 1356 1207 1437 Quae
1227 1357 1497 1424 fortuna
1516 1357 1854 1441 coegisset
1875 1359 1968 1425 ita
1983 1358 2151 1437 fieri,
2170 1359 2460 1426 eandem

260 1483 507 1546 cogere
548 1463 715 1530 tueri
758 1460 1061 1531 factum:
1147 1461 1253 1527 Ea
1302 1480 1439 1527 nou
1486 1462 1738 1548 majore
1777 1480 1941 1526 cura
1981 1467 2328 1547 praecepta
2371 1462 2460 1527 ab

262 1565 559 1632 ducibus
586 1570 769 1644 suut,
811 1583 1017 1649 quam
1044 1583 1089 1631 a
1112 1565 1441 1632 militibus
1471 1565 1880 1631 observata:
1923 1565 2242 1650 brevique
2272 1571 2462 1631 tanta

262 1668 638 1736 concordia
684 1667 1077 1734 coaluerant
1118 1668 1415 1734 omniunt
1462 1667 1690 1740 animi,
1733 1672 1808 1732 ut
1854 1685 2064 1752 prope
2107 1668 2180 1732 iu
2225 1667 2462 1732 oblivi-

262 1791 464 1840 onem
522 1772 835 1850 veniret,⁷
894 1789 1029 1855 qua
1086 1790 1179 1836 ex
1238 1769 1623 1836 conditione
1673 1770 1962 1854 quisque
2021 1775 2207 1836 esset
2262 1771 2463 1836 miles

258 1874 515 1941 factus.
602 1873 783 1940 Haec
832 1872 1060 1956 agenti
1104 1871 1421 1940 Graccho
1468 1871 1674 1956 legati
1722 1870 2012 1939 Cumani
2055 1871 2460 1950 nuntiarunt,

260 1995 419 2062 quaa
448 1997 495 2042 a
520 1975 885 2061 Campanis
911 1976 1161 2059 legatio
1190 1993 1452 2060 paucos
1476 1983 1637 2040 ante
1667 1973 1821 2040 dies
1850 1973 2176 2052 venisset,
2203 1980 2271 2038 et
2299 1973 2464 2059 quid

260 2079 351 2146 iis
382 2081 517 2165 ipsi
544 2079 1081 2164 respondissent:
1110 2079 1403 2146 triduum
1432 2084 1597 2163 post
1613 2097 1764 2144 eum
1795 2077 1979 2144 diem
1999 2078 2234 2142 festum
2261 2093 2462 2142 esse:

260 2201 403 2248 non
432 2187 731 2249 senatum
759 2183 975 2248 solum
1012 2201 1277 2248 omnem
1318 2181 1414 2246 ibi
1459 2180 1783 2260 futurum,
1829 2179 1954 2246 sed
2000 2185 2226 2246 castra
2251 2179 2460 2244 etiam

259 2293 330 2350 et
357 2285 722 2352 exercitum
745 2284 1185 2370 Campanum.
1244 2282 1617 2362 Gracchus,
1638 2283 1857 2369 jussis
1880 2280 2204 2347 Cumanis
2233 2281 2464 2346 omnia

260 2407 359 2453 ex
388 2388 569 2471 agris
596 2388 669 2453 in
696 2387 925 2454 urbem
952 2385 1341 2464 convehere,
1384 2393 1458 2450 et
1492 2404 1756 2452 manere
1797 2386 1977 2450 intra
2020 2403 2272 2462 muros,
2313 2385 2463 2469 ipse

960 493 1107 542 ms.
1156 491 1397 542 xxm.
1440 493 1603 544 cst.
1643 474 1758 544 35.
1848 542 1856 551 ,

260 2489 509 2578 pridie,
546 2511 754 2576 quam
794 2494 1046 2557 statum
1062 2489 1089 2528 ⁸
1135 2489 1543 2555 sacrificium
1575 2487 1944 2574 Campanis
1969 2491 2173 2566 esset,
2211 2485 2466 2551 Cumas

260 2599 497 2659 movet
544 2599 793 2660 castra.
876 2591 1125 2659 Hamoe
1167 2591 1325 2657 inde
1369 2592 1499 2659 tria
1544 2592 1760 2658 millia
1811 2609 2140 2677 passuum
2191 2589 2462 2655 absunt.

258 2693 423 2761 Jam
470 2696 807 2781 Campani
846 2714 930 2761 eo
974 2696 1366 2779 frequentes
1426 2714 1519 2760 ex
1570 2696 1954 2780 composito
2000 2698 2463 2771 convenerant,

260 2816 393 2865 nec
440 2799 673 2883 procul
711 2797 862 2863 iude
900 2798 970 2862 in
1017 2794 1291 2865 occulto
1330 2794 1595 2863 Marius
1624 2794 1848 2862 Alfius
1871 2804 1914 2833 '¹²
1959 2794 2464 2873 Medixtuticus

258 3051 291 3097 ὃ
324 3052 341 3075 ·
366 3045 505 3096 later
522 3060 628 3111 qaae
646 3046 905 3097 merdic
935 3045 1148 3096 maxima
1178 3052 1285 3097 emt
1315 3062 1431 3097 earu
1450 3046 1560 3097 daei
1582 3044 1717 3096 Edd.
1747 3052 1870 3095 ante
1899 3044 2132 3095 Gronov.
2205 3042 2342 3092 Inter
2359 3056 2466 3105 qao

264 3126 400 3161 m.
419 3113 580 3162 iamt
599 3117 699 3161 wat
730 3126 847 3162 earu
869 3112 995 3189 dant
1016 3112 1246 3187 Gronov.
1270 3113 1500 3162 Crevier.
1523 3111 1828 3162 vocabulum
1857 3112 2118 3160 eoncordia
2137 3106 2204 3156 ab
2233 3108 2296 3185 iis
2319 3106 2467 3156 addi-

262 3182 374 3227 tum
398 3182 497 3239 est,
532 3178 621 3255 qui
652 3190 755 3255 uon
788 3177 1138 3240 intelligentes
1169 3182 1349 3241 suque,
1370 3178 1597 3242 positum
1620 3185 1736 3226 esse
1759 3180 2015 3253 pro-atque
2033 3175 2105 3224 sic
2126 3170 2464 3223 nesciebant?

256 3238 450 3291 &reth-
512 3242 638 3293 th.
668 3239 763 3292 inf.
794 3249 853 3294 et
886 3242 1019 3295 Not.
1050 3242 1273 3292 Van—6
1305 3243 1385 3293 Ne
1416 3256 1561 3307 quas
1596 3241 1899 3307 exprobratu
1929 3254 2150 3304 cusq-ans
2177 3237 2315 3288 Edd.
2339 3246 2465 3288 aute

1253 3370 1467 3423 NOTAE

282 3524 289 3530 ,
326 3466 357 3504 ¹
389 3468 530 3520 Ister
557 3482 665 3535 qaae
698 3468 909 3519 maxine
928 3467 1089 3519 inerat
1116 3468 1330 3533 [ωπον-
1408 3468 1633 3519 maxima
1655 3474 1796 3518 esset
1811 3480 1938 3517 curn
1957 3462 2285 3529 Sempronio.

262 3547 583 3599 diaemoeina
600 3546 729 3611 erut]
748 3562 861 3597 cum
878 3546 1011 3611 duci]
1030 3547 1220 3612 Vulgo.
1233 3547 1329 3597 ite·
1475 3545 1491 3581 Ι
1521 3545 1842 3613 Εερνοὸωιίο
1861 3542 2080 3608 cuiquam
2107 3541 2286 3592 velnis
2301 3538 2472 3602 sortu-

261 3624 631 3689 wesacordiae
660 3622 871 3673 momina
902 3628 1007 3675 erat
1043 3639 1159 3675 ctu-u
1184 3625 1327 3675 daci.-
1405 3623 1506 3689 aa]
1543 3622 1675 3673 Hoec
1719 3620 2010 3686 prasertim
2043 3618 2114 3669 ob
2147 3618 2360 3669 volones
2399 3632 2469 3668 ex

262 3700 493 3751 nutavit
513 3700 803 3751 Gronovius
822 3702 958 3771 quod
991 3702 1148 3767 aliqui
1182 3702 1327 3752 meli·
1406 3698 1581 3749 servili
1602 3696 1976 3749 conditionem
2011 3694 2246 3745 militiam
2277 3708 2463 3744 novam

260 3790 415 3827 orum
442 3776 677 3827 codicum
698 3778 939 3840 ignorent
956 3776 1017 3827 rb
1033 3779 1295 3828 encardia
1306 3794 1326 3829 .-

258 3852 404 3904 uude
427 3852 557 3902 illud
590 3853 765 3917 itaque,
788 3852 925 3919 quod
958 3854 1208 3918 sequitur,
1236 3869 1325 3904 ue·

262 3938 355 3993 gat
391 3944 509 3980 esse
530 3930 755 3993 causale,
784 3928 876 3978 sed
911 3930 1139 3993 positum
1160 3944 1255 3994 pro
1276 3935 1327 3979 et

256 4006 353 4058 ita.
430 4006 625 4055 Verum
680 4004 955 4069 perspicua
1004 4008 1170 4070 magis
1222 4006 1325 4056 erit

257 4084 547 4145 sententia,
566 4083 613 4132 si
646 4082 962 4133 retineamus
994 4098 1179 4134 nomen
1214 4098 1325 4135 eoa-

254 4163 457 4225 eeffliae,
477 4159 613 4225 quod
652 4166 709 4209 et
738 4161 920 4223 scripti
952 4174 1055 4211 uon
1090 4162 1241 4225 pauci
1270 4167 1327 4211 et

258 4240 395 4290 editi
416 4237 639 4299 babent;
664 4242 721 4287 et
739 4238 959 4287 suadent
974 4254 1090 4303 qua
1105 4252 1326 4303 sequnn-

259 4326 367 4367 tur.
438 4308 643 4380 Alioqui
674 4328 924 4379 suspensa
947 4314 1325 4380 quedammodo

262 4400 407 4446 esset
438 4392 623 4457 oratio,
645 4405 744 4443 nec
767 4400 1045 4458 appareret
1078 4393 1225 4459 cujus
1247 4392 1325 4443 rei

1404 3776 1674 3826 admissos.
1839 3824 1850 3833 ,

1536 3854 1731 3903 Mau-itu
1750 3848 1933 3917 Alfius]
1967 3848 2163 3899 Marius
2181 3848 2264 3899 bic
2284 3847 2468 3905 Alfius,

1403 3930 1491 3996 qui
1515 3943 1740 3979 summus
1763 3928 2131 3991 magistratus:
2167 3925 2222 3975 in
2257 3926 2468 3991 optimis

1404 4006 1674 4058 codicibus
1715 4011 1820 4067 est,
1863 4002 2057 4053 Marius
2095 4002 2272 4065 Alpinis
2309 4002 2470 4051 edixit

1402 4083 1479 4133 ati
1508 4082 1593 4147 qus·
1622 4094 1832 4131 sm
1863 4077 2216 4143 nagistrum.-
2257 4075 2394 4126 uude
2434 4090 2468 4127 a

1404 4158 1670 4209 Gronovio
1710 4154 1883 4205 factus
1919 4154 2295 4204 Medianum-trs.-
2327 4153 2466 4217 quod

1403 4248 1590 4286 nomeu
1616 4232 1801 4283 summi
1821 4230 2148 4293 magistratus
2170 4230 2366 4293 Cspuae
2387 4228 2470 4278 fu-

1403 4314 1507 4363 isse
1530 4318 1736 4361 constat
1757 4322 1825 4359 ex
1847 4305 1936 4357 nb.
1957 4318 2126 4359 xxiv.
2148 4320 2196 4357 c.
2223 4308 2302 4356 19.
2327 4305 2468 4356 sliis·

1402 4404 1505 4457 que
1526 4387 1672 4439 loeis.
