3300 5225
859 510 1066 563 unm
1116 512 1296 563 xix.
1339 512 1990 567 susrnnunwruu.
2356 498 2530 567 1587

309 654 680 717 venientibus
703 654 968 717 hostibus
990 676 1292 717 occurrere
1318 656 1723 737 neglexerunt.
1794 658 1881 721 Bt
1900 656 2217 719 Hannibal

309 761 543 833 poi-tum
561 760 694 813 tuto
713 754 925 825 tenuit,
951 754 1252 834 copiisque
1271 753 1506 831 (decem
1526 763 1695 816 erent
1718 754 1911 816 millia
1928 754 2207 834 militum)

308 844 612 930 expositis,
657 868 874 929 magns
911 868 1049 909 cum
1080 847 1291 910 laetitia
1333 848 1858 931 Lilybaetenorum,
1903 850 1964 911 in
2004 851 2209 911 urbem

309 954 590 1026 acceptus
611 954 721 1005 est.
1143 985 1154 996 -

387 1048 450 1103 8.
494 1040 758 1101 Romani
781 1060 917 1101 cum
943 1040 1262 1121 ingressum
1287 1042 1540 1103 hostium
1565 1040 1849 1123 impedire
1891 1062 2005 1103 non
2034 1051 2206 1124 potu·

307 1137 512 1210 issent,
550 1138 628 1198 de
657 1146 853 1199 cetero
890 1138 1324 1210 consultabant,
1373 1138 1871 1221 quemadmodum
1896 1160 2078 1221 opera
2100 1159 2212 1200 suu

305 1242 657 1307 niterentur,
701 1254 836 1316 quae
879 1243 1049 1295 tants
1083 1235 1461 1297 multitudine
1503 1255 1785 1296 novorum
1824 1235 2075 1296 militum
2122 1255 2210 1296 re·

305 1340 484 1411 cepta
509 1329 914 1392 Himilconem
953 1331 1218 1412 profecto
1257 1340 1729 1413 oppugnaturum
1754 1352 1879 1392 esse
1904 1331 2208 1393 videbunt.

307 1425 534 1507 Neque
572 1426 789 1489 fefellit
827 1448 929 1488 eos
970 1428 1190 1509 opinio.
1262 1428 1487 1489 Poenus
1521 1430 1681 1489 enim
1716 1428 1963 1489 aliorum
2003 1448 2206 1489 recen-

307 1523 466 1583 tibus
504 1526 751 1598 viribus,
792 1523 1041 1585 oliorum
1086 1524 1319 1585 refectis
1363 1524 1622 1585 adventu
1664 1526 1953 1587 sociorum
1999 1525 2209 1585 animis

305 1638 533 1691 usurus,
573 1629 802 1682 veteres
843 1640 1140 1701 novusque
1164 1622 1368 1703 copias
1391 1622 1451 1681 in
1477 1622 1820 1683 concionem
1846 1630 2062 1683 vocet:
2103 1640 2208 1703 spe

303 1715 570 1775 victoriae
595 1737 670 1777 nc
695 1718 1065 1798 praemiorum
1079 1718 1158 1779 ad
1174 1716 1516 1779 faciundum
1534 1718 1895 1799 eruptionem
1923 1717 2205 1799 inpellit:

302 1808 718 1893 dispositisque
743 1822 811 1873 ut
831 1834 924 1874 res
947 1815 1232 1896 poscebat
1247 1811 1584 1894 manipulis,
1609 1814 1721 1873 sub
1745 1815 1991 1896 primam
2016 1813 2210 1875 lucem

304 1926 488 1987 opera
529 1907 936 1970 Romanorum
977 1910 1242 1991 pluribus
1278 1910 1428 1970 locis
1467 1910 1820 1989 aggreditur.
1916 1909 2108 1970 Erant
2148 1918 2211 1971 et

303 2003 466 2083 apud
507 2004 616 2065 hos
651 2007 888 2086 provisa
916 2013 1156 2077 cuncta,
1195 2024 1432 2085 qusque
1475 2004 1790 2086 plurimum
1815 2006 2058 2087 periculi
2086 2026 2209 2067 me-

301 2100 603 2172 tuebatur,
632 2099 820 2162 firmae
844 2103 1122 2162 stationes
1147 2102 1454 2182 oppositae.
1541 2100 1699 2161 Cum
1724 2102 1817 2161 his
1842 2103 2043 2183 itaque
2068 2122 2212 2164 cou—

301 2193 502 2256 festim
527 2216 664 2257 scre
689 2206 986 2257 certamen
1011 2198 1411 2259 contrahitur:
1453 2195 1677 2257 cudunt
1702 2198 1991 2279 utrimque
2014 2198 2209 2270 multi,

299 2310 442 2352 cum
465 2301 532 2352 et
555 2312 776 2372 magne
797 2294 1122 2353 animorum
1147 2293 1545 2363 contentione,
1589 2302 1653 2353 et
1676 2313 1917 2354 numero
1941 2314 2208 2375 pugnau-

299 2387 452 2448 tium
501 2408 618 2448 non
663 2388 1092 2449 contemnendo
1131 2410 1226 2449 res
1269 2397 1582 2469 gereretur,
1631 2389 1793 2450 haud
1834 2392 2209 2471 paucioribus

297 2484 518 2563 viginti
541 2483 804 2547 millibus
827 2486 969 2545 urbe
1005 2486 1268 2565 egressis,
1310 2493 1375 2546 et
1412 2487 1638 2565 majore
1664 2485 1971 2567 eliquanto
2008 2487 2206 2548 multi·

299 2582 508 2644 tudine
531 2583 944 2646 obsidentium.
1002 2584 1244 2667 Quippe
1263 2583 1553 2656 consules,
1579 2585 1896 2646 contractis
1920 2605 1998 2646 ex
2015 2586 2211 2647 amics
2233 2610 2439 2665 moder.

301 2677 520 2742 Sicilia
561 2681 823 2752 auxiliis,
863 2681 1178 2763 plusquam
1212 2691 1450 2743 centum
1489 2681 1678 2742 millis.
1716 2682 2020 2743 hominum
2062 2683 2208 2744 effe-

297 2784 544 2838 cerunt:
583 2797 664 2838 ex
704 2778 940 2859 quibus,
984 2777 1063 2838 ud
1103 2777 1506 2860 expediendos
1541 2786 1904 2839 commentus
1944 2777 2207 2858 eliasque

299 2875 680 2935 necessitates
721 2873 972 2935 dimissis
1009 2874 1244 2946 ceteris,
1293 2873 1372 2936 sd
1412 2874 1777 2936 obsidionem
1819 2876 1979 2936 urbis
2016 2874 2209 2936 millis

298 2969 489 3032 ferme
513 2972 824 3052 sexaginta
851 2970 1129 3032 adducta.
1597 2981 1604 2984 “

332 3151 346 3164 ⁰
381 3075 446 3128 9.
501 3066 626 3128 Sed
667 3087 806 3128 cum
849 3087 926 3128 ex
967 3068 1128 3129 omni
1170 3076 1338 3149 purte
1386 3068 1764 3130 vehementer
1809 3068 2206 3141 dimicaretur,
2233 3092 2538 3158 PolybaM.

301 3164 571 3226 mxima
593 3165 754 3225 circu
777 3164 1077 3226 machinas
1115 3174 1244 3227 erat
1274 3165 1610 3226 contentio:
1653 3185 1803 3246 quas
1843 3164 1946 3226 ulii
1984 3173 2052 3226 ut
2076 3186 2207 3231 coi-v

297 3269 662 3342 rumperent,
689 3260 792 3320 elii
817 3269 885 3320 ut
905 3259 1309 3333 defenderent,
1337 3281 1455 3323 nou
1475 3263 1662 3342 magis
1681 3283 1801 3322 suae
1821 3282 1999 3343 quum
2025 3262 2209 3323 hostis

295 3359 446 3418 vim
469 3357 817 3442 parcebant.
896 3356 1155 3418 Jacebat
1193 3359 1398 3436 ingens
1438 3377 1646 3438 agmen
1688 3359 2015 3420 occisorum
2046 3358 2107 3418 in
2134 3377 2209 3419 ea

295 3454 578 3525 emtione,
619 3473 800 3534 quum
827 3453 1105 3514 tuendum
1133 3455 1211 3514 ab
1251 3454 1422 3515 initio
1445 3463 1758 3535 ceperunt:
1802 3454 2058 3534 sugebat
2080 3455 2206 3515 clu-

297 3569 528 3610 morem
553 3549 948 3632 praeliuntium
988 3559 1050 3610 et
1089 3549 1406 3612 terrificum
1445 3550 1800 3614 discriminis
1832 3551 2045 3612 faciem
2087 3551 2209 3612 ulie

297 3647 502 3718 turbu,
553 3666 689 3727 quae
729 3646 962 3708 facibus
994 3645 1278 3727 toedisque
1320 3655 1569 3718 srmuta,
1623 3667 1729 3728 per
1769 3647 2051 3728 pericula,
2104 3669 2208 3729 per

295 3741 500 3804 caedes
521 3763 658 3803 suas
681 3743 1020 3824 alienusque
1059 3743 1137 3805 ad
1179 3743 1548 3804 incendenda
1570 3759 1754 3824 opera
1788 3745 2029 3804 ruebat:
2073 3763 2205 3823 pro-

295 3840 554 3922 piusque
603 3839 828 3900 fuctum
865 3849 958 3900 est
999 3839 1172 3912 nihil,
1219 3859 1400 3921 quam
1437 3849 1508 3900 ut
1547 3839 1897 3922 pervicaciae
1950 3840 2205 3900 hostium

295 3935 473 3998 miles
513 3935 828 3997 Romanus
859 3935 1117 4008 cederet,
1163 3938 1568 4016 machinaeque
1602 3935 1843 3996 defendi
1878 3937 2205 4016 nequirent.

297 4031 426 4094 Sed
453 4031 728 4092 Himilco
753 4031 966 4093 multos
977 4053 1212 4094 suorum
1234 4034 1582 4094 occumbere
1601 4052 1863 4104 cernens,
1892 4031 2205 4093 Romanos

296 4139 498 4192 sutem
525 4128 606 4189 de
631 4127 836 4189 ardore
861 4128 1268 4210 propugnandi
1307 4129 1453 4190 nihil
1497 4130 1813 4200 remittere,
1852 4130 2082 4208 signum
2108 4149 2199 4189 re-

293 4228 499 4308 ceptui
525 4227 718 4298 dedit,
755 4245 1068 4308 pugnaque
1094 4229 1249 4308 prior
1274 4229 1558 4288 excessit:
1603 4247 1795 4308 neque
1819 4227 2083 4288 Romani
2110 4229 2199 4286 in-

291 4325 594 4395 stiterunt,
619 4323 880 4385 contenti
903 4325 1148 4386 servatis
1172 4324 1464 4406 operibus,
1490 4344 1624 4406 quae
1649 4323 2068 4406 propemodum
2093 4344 2201 4404 pro

297 4420 528 4482 amissis
537 4423 673 4500 jum
699 4421 1041 4482 habuerant.
