<?xml version="1.0" encoding="UTF-8"?>
<!DOCTYPE html PUBLIC "-//W3C//DTD XHTML 1.0 Transitional//EN"
    "http://www.w3.org/TR/xhtml1/DTD/xhtml1-transitional.dtd">
<html xmlns="http://www.w3.org/1999/xhtml" xml:lang="en" lang="en">
 <head>
  <title>
</title>
<meta http-equiv="Content-Type" content="text/html;charset=utf-8" />
  <meta name='ocr-system' content='tesseract 3.04.00' />
  <meta name='ocr-capabilities' content='ocr_page ocr_carea ocr_par ocr_line ocrx_word'/>
</head>
<body>
  <div class='ocr_page' id='page_1' title='image "./tliviipatavinih19unkngoog_0174.png"; bbox 0 0 3300 5225; ppageno 0'>
   <div class='ocr_carea' id='block_1_1' title="bbox 978 584 2438 651">
    <p class='ocr_par' dir='ltr' id='par_1_1' title="bbox 978 584 2438 651">
     <span class='ocr_line' id='line_1_1' title="bbox 978 584 2438 651; baseline 0.001 -2"><span class='ocrx_word' id='word_1_1' title='bbox 978 600 1128 649; x_wconf 79' lang='lat' dir='ltr'><strong>mn.</strong></span> <span class='ocrx_word' id='word_1_2' title='bbox 1174 599 1351 651; x_wconf 79' lang='lat' dir='ltr'><strong>xxr.</strong></span> <span class='ocrx_word' id='word_1_3' title='bbox 1395 599 1561 649; x_wconf 65' lang='lat' dir='ltr'><strong>cn.</strong></span> <span class='ocrx_word' id='word_1_4' title='bbox 1599 584 1710 649; x_wconf 83' lang='grc'><strong>54.</strong></span> <span class='ocrx_word' id='word_1_5' title='bbox 2264 584 2438 651; x_wconf 88' lang='grc'><strong>1747</strong></span> 
     </span>
    </p>
   </div>
   <div class='ocr_carea' id='block_1_2' title="bbox 236 734 2460 3818">
    <p class='ocr_par' dir='ltr' id='par_1_2' title="bbox 236 734 2456 3403">
     <span class='ocr_line' id='line_1_2' title="bbox 238 734 2442 832; baseline 0 -22"><span class='ocrx_word' id='word_1_6' title='bbox 238 762 391 810; x_wconf 87' lang='lat' dir='ltr'><strong>nos.</strong></span> <span class='ocrx_word' id='word_1_7' title='bbox 480 742 825 825; x_wconf 81' lang='lat' dir='ltr'><strong>Quantum</strong></span> <span class='ocrx_word' id='word_1_8' title='bbox 873 734 1357 830; x_wconf 79' lang='lat' dir='ltr'><strong>ingemisca&#39;nt,’</strong></span> <span class='ocrx_word' id='word_1_9' title='bbox 1396 746 1633 832; x_wconf 86' lang='lat' dir='ltr'><strong>inquit,</strong></span> <span class='ocrx_word' id='word_1_10' title='bbox 1677 754 1697 783; x_wconf 83' lang='lat'>‘</span> <span class='ocrx_word' id='word_1_11' title='bbox 1717 748 1946 831; x_wconf 85' lang='lat' dir='ltr'><strong>patres</strong></span> <span class='ocrx_word' id='word_1_12' title='bbox 1984 740 2216 823; x_wconf 78' lang='lat' dir='ltr'><strong>nostri,</strong></span> <span class='ocrx_word' id='word_1_13' title='bbox 2257 743 2442 810; x_wconf 88' lang='lat' dir='ltr'><strong>circa</strong></span> 
     </span>
     <span class='ocr_line' id='line_1_3' title="bbox 237 845 2436 933; baseline -0 -18"><span class='ocrx_word' id='word_1_14' title='bbox 237 847 496 915; x_wconf 85' lang='lat' dir='ltr'><strong>moenia</strong></span> <span class='ocrx_word' id='word_1_15' title='bbox 539 845 965 933; x_wconf 78' lang='lat' dir='ltr'><strong>Carthaginis</strong></span> <span class='ocrx_word' id='word_1_16' title='bbox 1009 849 1261 916; x_wconf 82' lang='lat' dir='ltr'><strong>bellare</strong></span> <span class='ocrx_word' id='word_1_17' title='bbox 1312 848 1515 930; x_wconf 85' lang='lat' dir='ltr'><strong>soliti,</strong></span> <span class='ocrx_word' id='word_1_18' title='bbox 1557 850 1621 916; x_wconf 86' lang='lat' dir='ltr'><strong>si</strong></span> <span class='ocrx_word' id='word_1_19' title='bbox 1663 847 1944 914; x_wconf 78' lang='lat' dir='ltr'><strong>videant</strong></span> <span class='ocrx_word' id='word_1_20' title='bbox 1995 865 2144 925; x_wconf 89' lang='lat' dir='ltr'><strong>nos,</strong></span> <span class='ocrx_word' id='word_1_21' title='bbox 2195 865 2436 931; x_wconf 85' lang='lat' dir='ltr'><strong>proge-</strong></span> 
     </span>
     <span class='ocr_line' id='line_1_4' title="bbox 236 949 2442 1036; baseline 0 -21"><span class='ocrx_word' id='word_1_22' title='bbox 236 950 421 1017; x_wconf 84' lang='lat' dir='ltr'><strong>niem</strong></span> <span class='ocrx_word' id='word_1_23' title='bbox 449 968 673 1029; x_wconf 86' lang='lat' dir='ltr'><strong>suam,</strong></span> <span class='ocrx_word' id='word_1_24' title='bbox 702 949 879 1017; x_wconf 89' lang='lat' dir='ltr'><strong>duos</strong></span> <span class='ocrx_word' id='word_1_25' title='bbox 907 952 1225 1018; x_wconf 83' lang='lat' dir='ltr'><strong>consules</strong></span> <span class='ocrx_word' id='word_1_26' title='bbox 1266 951 1788 1036; x_wconf 78' lang='lat' dir='ltr'><strong>consularesque</strong></span> <span class='ocrx_word' id='word_1_27' title='bbox 1815 949 2176 1026; x_wconf 83' lang='lat' dir='ltr'><strong>exercitus,</strong></span> <span class='ocrx_word' id='word_1_28' title='bbox 2206 949 2274 1013; x_wconf 90' lang='lat' dir='ltr'><strong>in</strong></span> <span class='ocrx_word' id='word_1_29' title='bbox 2301 970 2442 1015; x_wconf 88' lang='lat' dir='ltr'><strong>me-</strong></span> 
     </span>
     <span class='ocr_line' id='line_1_5' title="bbox 239 1048 2440 1138; baseline 0 -19"><span class='ocrx_word' id='word_1_30' title='bbox 239 1053 357 1120; x_wconf 89' lang='lat' dir='ltr'><strong>dia</strong></span> <span class='ocrx_word' id='word_1_31' title='bbox 384 1052 593 1119; x_wconf 81' lang='lat' dir='ltr'><strong>Italia</strong></span> <span class='ocrx_word' id='word_1_32' title='bbox 618 1061 943 1138; x_wconf 86' lang='lat' dir='ltr'><strong>paventes</strong></span> <span class='ocrx_word' id='word_1_33' title='bbox 968 1055 1139 1121; x_wconf 86' lang='lat' dir='ltr'><strong>intra</strong></span> <span class='ocrx_word' id='word_1_34' title='bbox 1167 1057 1433 1122; x_wconf 64' lang='lat' dir='ltr'><strong>castra?</strong></span> <span class='ocrx_word' id='word_1_35' title='bbox 1477 1053 1787 1133; x_wconf 88' lang='lat' dir='ltr'><strong>Poeuum,</strong></span> <span class='ocrx_word' id='word_1_36' title='bbox 1818 1051 1997 1137; x_wconf 89' lang='lat' dir='ltr'><strong>quod</strong></span> <span class='ocrx_word' id='word_1_37' title='bbox 2027 1051 2197 1116; x_wconf 86' lang='lat' dir='ltr'><strong>inter</strong></span> <span class='ocrx_word' id='word_1_38' title='bbox 2220 1048 2440 1137; x_wconf 84' lang='lat' dir='ltr'><strong>Alpes</strong></span> 
     </span>
     <span class='ocr_line' id='line_1_6' title="bbox 240 1153 2445 1241; baseline -0.001 -19"><span class='ocrx_word' id='word_1_39' title='bbox 240 1155 817 1241; x_wconf 76' lang='lat' dir='ltr'><strong>Apenninumque</strong></span> <span class='ocrx_word' id='word_1_40' title='bbox 850 1158 987 1240; x_wconf 83' lang='lat' dir='ltr'><strong>agri</strong></span> <span class='ocrx_word' id='word_1_41' title='bbox 1018 1156 1133 1236; x_wconf 90' lang='lat' dir='ltr'><strong>sit,</strong></span> <span class='ocrx_word' id='word_1_42' title='bbox 1164 1177 1310 1224; x_wconf 79' lang='lat' dir='ltr'><strong>suae</strong></span> <span class='ocrx_word' id='word_1_43' title='bbox 1341 1156 1615 1223; x_wconf 85' lang='lat' dir='ltr'><strong>ditionis</strong></span> <span class='ocrx_word' id='word_1_44' title='bbox 1644 1154 1895 1223; x_wconf 84' lang='lat' dir='ltr'><strong>fecisse</strong></span> <span class='ocrx_word' id='word_1_45' title='bbox 1909 1153 1962 1221; x_wconf 70' lang='lat' dir='ltr'><strong>&#39;P&#39;</strong></span> <span class='ocrx_word' id='word_1_46' title='bbox 2049 1153 2230 1221; x_wconf 65' lang='lat' dir='ltr'><strong>Haec</strong></span> <span class='ocrx_word' id='word_1_47' title='bbox 2274 1155 2445 1220; x_wconf 87' lang='lat' dir='ltr'><strong>assi·</strong></span> 
     </span>
     <span class='ocr_line' id='line_1_7' title="bbox 241 1256 2441 1345; baseline -0.001 -22"><span class='ocrx_word' id='word_1_48' title='bbox 241 1256 411 1323; x_wconf 89' lang='lat' dir='ltr'><strong>dens</strong></span> <span class='ocrx_word' id='word_1_49' title='bbox 440 1277 623 1343; x_wconf 75' lang='lat' dir='ltr'><strong>oegro</strong></span> <span class='ocrx_word' id='word_1_50' title='bbox 652 1258 952 1343; x_wconf 64' lang='lat' dir='ltr'><strong>collegae,</strong></span> <span class='ocrx_word' id='word_1_51' title='bbox 975 1260 1123 1327; x_wconf 77' lang='lat' dir='ltr'><strong>hoec</strong></span> <span class='ocrx_word' id='word_1_52' title='bbox 1152 1260 1223 1325; x_wconf 91' lang='lat' dir='ltr'><strong>in</strong></span> <span class='ocrx_word' id='word_1_53' title='bbox 1253 1260 1566 1345; x_wconf 80' lang='lat' dir='ltr'><strong>praetorio</strong></span> <span class='ocrx_word' id='word_1_54' title='bbox 1594 1277 1811 1343; x_wconf 86' lang='lat' dir='ltr'><strong>prope</strong></span> <span class='ocrx_word' id='word_1_55' title='bbox 1849 1256 2441 1324; x_wconf 83' lang='lat' dir='ltr'><strong>concionabundus</strong></span> 
     </span>
     <span class='ocr_line' id='line_1_8' title="bbox 242 1359 2443 1447; baseline -0.001 -20"><span class='ocrx_word' id='word_1_56' title='bbox 242 1380 472 1446; x_wconf 85' lang='lat' dir='ltr'><strong>agere.</strong></span> <span class='ocrx_word' id='word_1_57' title='bbox 562 1360 975 1427; x_wconf 80' lang='lat' dir='ltr'><strong>Stimulabat</strong></span> <span class='ocrx_word' id='word_1_58' title='bbox 1009 1368 1077 1428; x_wconf 90' lang='lat' dir='ltr'><strong>et</strong></span> <span class='ocrx_word' id='word_1_59' title='bbox 1103 1367 1372 1447; x_wconf 86' lang='lat' dir='ltr'><strong>tempus</strong></span> <span class='ocrx_word' id='word_1_60' title='bbox 1402 1363 1854 1447; x_wconf 88' lang='lat' dir='ltr'><strong>propinquum</strong></span> <span class='ocrx_word' id='word_1_61' title='bbox 1883 1359 2330 1437; x_wconf 88' lang='lat' dir='ltr'><strong>comitiorum,</strong></span> <span class='ocrx_word' id='word_1_62' title='bbox 2355 1379 2443 1425; x_wconf 89' lang='lat' dir='ltr'><strong>ne</strong></span> 
     </span>
     <span class='ocr_line' id='line_1_9' title="bbox 239 1462 2444 1544; baseline -0.002 -13"><span class='ocrx_word' id='word_1_63' title='bbox 239 1462 311 1531; x_wconf 91' lang='lat' dir='ltr'><strong>in</strong></span> <span class='ocrx_word' id='word_1_64' title='bbox 342 1483 565 1531; x_wconf 79' lang='lat' dir='ltr'><strong>novos</strong></span> <span class='ocrx_word' id='word_1_65' title='bbox 594 1464 907 1531; x_wconf 86' lang='lat' dir='ltr'><strong>consules</strong></span> <span class='ocrx_word' id='word_1_66' title='bbox 932 1465 1187 1532; x_wconf 87' lang='lat' dir='ltr'><strong>bellum</strong></span> <span class='ocrx_word' id='word_1_67' title='bbox 1214 1465 1610 1544; x_wconf 84' lang='lat' dir='ltr'><strong>differretur,</strong></span> <span class='ocrx_word' id='word_1_68' title='bbox 1640 1469 1709 1531; x_wconf 90' lang='lat' dir='ltr'><strong>et</strong></span> <span class='ocrx_word' id='word_1_69' title='bbox 1736 1462 2008 1531; x_wconf 77' lang='lat' dir='ltr'><strong>occasio</strong></span> <span class='ocrx_word' id='word_1_70' title='bbox 2037 1462 2108 1527; x_wconf 89' lang='lat' dir='ltr'><strong>in</strong></span> <span class='ocrx_word' id='word_1_71' title='bbox 2132 1481 2208 1529; x_wconf 81' lang='lat' dir='ltr'><strong>se</strong></span> <span class='ocrx_word' id='word_1_72' title='bbox 2239 1481 2444 1527; x_wconf 87' lang='lat' dir='ltr'><strong>unum</strong></span> 
     </span>
     <span class='ocr_line' id='line_1_10' title="bbox 240 1564 2444 1653; baseline -0 -21"><span class='ocrx_word' id='word_1_73' title='bbox 240 1566 583 1635; x_wconf 79' lang='lat' dir='ltr'><strong>vertendae</strong></span> <span class='ocrx_word' id='word_1_74' title='bbox 610 1566 867 1650; x_wconf 79' lang='lat' dir='ltr'><strong>gloriae,</strong></span> <span class='ocrx_word' id='word_1_75' title='bbox 911 1567 1069 1633; x_wconf 90' lang='lat' dir='ltr'><strong>dum</strong></span> <span class='ocrx_word' id='word_1_76' title='bbox 1102 1588 1282 1653; x_wconf 77' lang='lat' dir='ltr'><strong>aeger</strong></span> <span class='ocrx_word' id='word_1_77' title='bbox 1309 1567 1576 1652; x_wconf 82' lang='lat' dir='ltr'><strong>collega</strong></span> <span class='ocrx_word' id='word_1_78' title='bbox 1604 1572 1771 1633; x_wconf 87' lang='lat' dir='ltr'><strong>erat.</strong></span> <span class='ocrx_word' id='word_1_79' title='bbox 1859 1564 2127 1651; x_wconf 87' lang='lat' dir='ltr'><strong>Itaque,</strong></span> <span class='ocrx_word' id='word_1_80' title='bbox 2167 1564 2444 1649; x_wconf 89' lang='lat' dir='ltr'><strong>nequic-</strong></span> 
     </span>
     <span class='ocr_line' id='line_1_11' title="bbox 244 1668 2444 1755; baseline 0 -20"><span class='ocrx_word' id='word_1_81' title='bbox 244 1688 451 1754; x_wconf 86' lang='lat' dir='ltr'><strong>quam</strong></span> <span class='ocrx_word' id='word_1_82' title='bbox 474 1668 905 1735; x_wconf 83' lang='lat' dir='ltr'><strong>dissentiente</strong></span> <span class='ocrx_word' id='word_1_83' title='bbox 948 1668 1290 1747; x_wconf 86' lang='lat' dir='ltr'><strong>Cornelio,</strong></span> <span class='ocrx_word' id='word_1_84' title='bbox 1317 1670 1545 1754; x_wconf 84' lang='lat' dir='ltr'><strong>parari</strong></span> <span class='ocrx_word' id='word_1_85' title='bbox 1589 1669 1678 1735; x_wconf 90' lang='lat' dir='ltr'><strong>ad</strong></span> <span class='ocrx_word' id='word_1_86' title='bbox 1720 1670 2174 1755; x_wconf 75' lang='lat' dir='ltr'><strong>propinquum</strong></span> <span class='ocrx_word' id='word_1_87' title='bbox 2224 1675 2444 1735; x_wconf 87' lang='lat' dir='ltr'><strong>certa-</strong></span> 
     </span>
     <span class='ocr_line' id='line_1_12' title="bbox 246 1771 2449 1859; baseline 0 -22"><span class='ocrx_word' id='word_1_88' title='bbox 246 1790 411 1837; x_wconf 88' lang='lat' dir='ltr'><strong>men</strong></span> <span class='ocrx_word' id='word_1_89' title='bbox 458 1771 711 1837; x_wconf 84' lang='lat' dir='ltr'><strong>milites</strong></span> <span class='ocrx_word' id='word_1_90' title='bbox 753 1772 973 1857; x_wconf 86' lang='lat' dir='ltr'><strong>jubet.</strong></span> <span class='ocrx_word' id='word_1_91' title='bbox 1061 1772 1429 1855; x_wconf 86' lang='lat' dir='ltr'><strong>Hannibal,</strong></span> <span class='ocrx_word' id='word_1_92' title='bbox 1474 1792 1653 1853; x_wconf 88' lang='lat' dir='ltr'><strong>cum,</strong></span> <span class='ocrx_word' id='word_1_93' title='bbox 1695 1772 1858 1859; x_wconf 89' lang='lat' dir='ltr'><strong>quid</strong></span> <span class='ocrx_word' id='word_1_94' title='bbox 1901 1772 2228 1858; x_wconf 87' lang='lat' dir='ltr'><strong>optimum</strong></span> <span class='ocrx_word' id='word_1_95' title='bbox 2271 1771 2449 1838; x_wconf 85' lang='lat' dir='ltr'><strong>foret</strong></span> 
     </span>
     <span class='ocr_line' id='line_1_13' title="bbox 251 1875 2448 1963; baseline 0 -23"><span class='ocrx_word' id='word_1_96' title='bbox 251 1875 461 1954; x_wconf 85' lang='lat' dir='ltr'><strong>hosti,</strong></span> <span class='ocrx_word' id='word_1_97' title='bbox 492 1883 807 1953; x_wconf 87' lang='lat' dir='ltr'><strong>cerneret,</strong></span> <span class='ocrx_word' id='word_1_98' title='bbox 842 1878 965 1943; x_wconf 74' lang='lat' dir='ltr'><strong>vix</strong></span> <span class='ocrx_word' id='word_1_99' title='bbox 1004 1876 1213 1943; x_wconf 88' lang='lat' dir='ltr'><strong>ullam</strong></span> <span class='ocrx_word' id='word_1_100' title='bbox 1243 1896 1431 1963; x_wconf 84' lang='lat' dir='ltr'><strong>spem</strong></span> <span class='ocrx_word' id='word_1_101' title='bbox 1462 1876 1776 1955; x_wconf 88' lang='lat' dir='ltr'><strong>habebat,</strong></span> <span class='ocrx_word' id='word_1_102' title='bbox 1803 1882 2054 1942; x_wconf 88' lang='lat' dir='ltr'><strong>temere</strong></span> <span class='ocrx_word' id='word_1_103' title='bbox 2093 1883 2300 1961; x_wconf 90' lang='lat' dir='ltr'><strong>atque</strong></span> <span class='ocrx_word' id='word_1_104' title='bbox 2323 1876 2448 1941; x_wconf 87' lang='lat' dir='ltr'><strong>im·</strong></span> 
     </span>
     <span class='ocr_line' id='line_1_14' title="bbox 247 1977 2446 2063; baseline 0.001 -20"><span class='ocrx_word' id='word_1_105' title='bbox 247 1977 543 2063; x_wconf 86' lang='lat' dir='ltr'><strong>provide</strong></span> <span class='ocrx_word' id='word_1_106' title='bbox 564 1978 927 2063; x_wconf 88' lang='lat' dir='ltr'><strong>quicquam</strong></span> <span class='ocrx_word' id='word_1_107' title='bbox 944 1979 1257 2046; x_wconf 87' lang='lat' dir='ltr'><strong>consules</strong></span> <span class='ocrx_word' id='word_1_108' title='bbox 1274 1987 1573 2059; x_wconf 77' lang='lat' dir='ltr'><strong>acturoS,</strong></span> <span class='ocrx_word' id='word_1_109' title='bbox 1594 1998 1749 2045; x_wconf 87' lang='lat' dir='ltr'><strong>cum</strong></span> <span class='ocrx_word' id='word_1_110' title='bbox 1771 1978 2046 2045; x_wconf 88' lang='lat' dir='ltr'><strong>alterius</strong></span> <span class='ocrx_word' id='word_1_111' title='bbox 2067 1978 2446 2063; x_wconf 83' lang='lat' dir='ltr'><strong>ingenium,³</strong></span> 
     </span>
     <span class='ocr_line' id='line_1_15' title="bbox 241 2080 2450 2168; baseline 0.001 -23"><span class='ocrx_word' id='word_1_112' title='bbox 241 2080 429 2147; x_wconf 83' lang='lat' dir='ltr'><strong>fama</strong></span> <span class='ocrx_word' id='word_1_113' title='bbox 470 2081 685 2167; x_wconf 86' lang='lat' dir='ltr'><strong>prius,</strong></span> <span class='ocrx_word' id='word_1_114' title='bbox 727 2080 966 2149; x_wconf 84' lang='lat' dir='ltr'><strong>deinde</strong></span> <span class='ocrx_word' id='word_1_115' title='bbox 1008 2103 1081 2148; x_wconf 86' lang='lat' dir='ltr'><strong>re</strong></span> <span class='ocrx_word' id='word_1_116' title='bbox 1120 2084 1480 2167; x_wconf 85' lang='lat' dir='ltr'><strong>cognitum,</strong></span> <span class='ocrx_word' id='word_1_117' title='bbox 1523 2083 1855 2168; x_wconf 84' lang='lat' dir='ltr'><strong>percitum</strong></span> <span class='ocrx_word' id='word_1_118' title='bbox 1902 2101 1984 2147; x_wconf 89' lang='lat' dir='ltr'><strong>ac</strong></span> <span class='ocrx_word' id='word_1_119' title='bbox 2020 2081 2208 2148; x_wconf 83' lang='lat' dir='ltr'><strong>ferox</strong></span> <span class='ocrx_word' id='word_1_120' title='bbox 2247 2083 2450 2149; x_wconf 86' lang='lat' dir='ltr'><strong>sciret</strong></span> 
     </span>
     <span class='ocr_line' id='line_1_16' title="bbox 246 2184 2450 2270; baseline 0 -21"><span class='ocrx_word' id='word_1_121' title='bbox 246 2204 424 2262; x_wconf 81' lang='lat' dir='ltr'><strong>esse,</strong></span> <span class='ocrx_word' id='word_1_122' title='bbox 456 2184 889 2270; x_wconf 83' lang='lat' dir='ltr'><strong>ferociusque</strong></span> <span class='ocrx_word' id='word_1_123' title='bbox 928 2184 1186 2251; x_wconf 82' lang='lat' dir='ltr'><strong>factum</strong></span> <span class='ocrx_word' id='word_1_124' title='bbox 1230 2203 1555 2270; x_wconf 87' lang='lat' dir='ltr'><strong>prospero</strong></span> <span class='ocrx_word' id='word_1_125' title='bbox 1580 2204 1734 2253; x_wconf 87' lang='lat' dir='ltr'><strong>cum</strong></span> <span class='ocrx_word' id='word_1_126' title='bbox 1777 2184 2263 2268; x_wconf 66' lang='lat' dir='ltr'><strong>praedatoribus</strong></span> <span class='ocrx_word' id='word_1_127' title='bbox 2307 2186 2450 2251; x_wconf 84' lang='lat' dir='ltr'><strong>suis</strong></span> 
     </span>
     <span class='ocr_line' id='line_1_17' title="bbox 246 2286 2451 2372; baseline 0.001 -22"><span class='ocrx_word' id='word_1_128' title='bbox 246 2286 623 2351; x_wconf 86' lang='lat' dir='ltr'><strong>certamine</strong></span> <span class='ocrx_word' id='word_1_129' title='bbox 652 2286 981 2369; x_wconf 81' lang='lat' dir='ltr'><strong>crederet3</strong></span> <span class='ocrx_word' id='word_1_130' title='bbox 1025 2288 1265 2354; x_wconf 85' lang='lat' dir='ltr'><strong>adesse</strong></span> <span class='ocrx_word' id='word_1_131' title='bbox 1303 2288 1607 2372; x_wconf 77' lang='lat' dir='ltr'><strong>gerendae</strong></span> <span class='ocrx_word' id='word_1_132' title='bbox 1634 2288 1731 2353; x_wconf 86' lang='lat' dir='ltr'><strong>rei</strong></span> <span class='ocrx_word' id='word_1_133' title='bbox 1757 2287 2086 2355; x_wconf 82' lang='lat' dir='ltr'><strong>fortunam</strong></span> <span class='ocrx_word' id='word_1_134' title='bbox 2117 2287 2292 2355; x_wconf 87' lang='lat' dir='ltr'><strong>haud</strong></span> <span class='ocrx_word' id='word_1_135' title='bbox 2324 2287 2451 2353; x_wconf 85' lang='lat' dir='ltr'><strong>dis-</strong></span> 
     </span>
     <span class='ocr_line' id='line_1_18' title="bbox 250 2387 2450 2478; baseline 0.001 -25"><span class='ocrx_word' id='word_1_136' title='bbox 250 2388 539 2454; x_wconf 80' lang='lat' dir='ltr'><strong>fidebat.</strong></span> <span class='ocrx_word' id='word_1_137' title='bbox 626 2387 841 2473; x_wconf 84' lang='lat' dir='ltr'><strong>Cujus</strong></span> <span class='ocrx_word' id='word_1_138' title='bbox 885 2410 965 2456; x_wconf 88' lang='lat' dir='ltr'><strong>ne</strong></span> <span class='ocrx_word' id='word_1_139' title='bbox 1002 2390 1185 2477; x_wconf 89' lang='lat' dir='ltr'><strong>quod</strong></span> <span class='ocrx_word' id='word_1_140' title='bbox 1235 2392 1770 2478; x_wconf 63' lang='lat' dir='ltr'><strong>praetermitteret</strong></span> <span class='ocrx_word' id='word_1_141' title='bbox 1826 2398 2112 2476; x_wconf 76' lang='lat' dir='ltr'><strong>tempuS,</strong></span> <span class='ocrx_word' id='word_1_142' title='bbox 2143 2391 2450 2457; x_wconf 89' lang='lat' dir='ltr'><strong>solicitus</strong></span> 
     </span>
     <span class='ocr_line' id='line_1_19' title="bbox 252 2492 2451 2575; baseline 0.001 -19"><span class='ocrx_word' id='word_1_143' title='bbox 252 2492 755 2575; x_wconf 83' lang='lat' dir='ltr'><strong>intentusque⁴</strong></span> <span class='ocrx_word' id='word_1_144' title='bbox 798 2496 963 2570; x_wconf 87' lang='lat' dir='ltr'><strong>erat,</strong></span> <span class='ocrx_word' id='word_1_145' title='bbox 999 2494 1160 2558; x_wconf 89' lang='lat' dir='ltr'><strong>dum</strong></span> <span class='ocrx_word' id='word_1_146' title='bbox 1198 2494 1322 2559; x_wconf 87' lang='lat' dir='ltr'><strong>tiro</strong></span> <span class='ocrx_word' id='word_1_147' title='bbox 1348 2493 1634 2560; x_wconf 87' lang='lat' dir='ltr'><strong>hostium</strong></span> <span class='ocrx_word' id='word_1_148' title='bbox 1666 2498 1846 2561; x_wconf 86' lang='lat' dir='ltr'><strong>esset</strong></span> <span class='ocrx_word' id='word_1_149' title='bbox 1872 2493 2088 2571; x_wconf 90' lang='lat' dir='ltr'><strong>miles,</strong></span> <span class='ocrx_word' id='word_1_150' title='bbox 2123 2492 2280 2558; x_wconf 88' lang='lat' dir='ltr'><strong>dum</strong></span> <span class='ocrx_word' id='word_1_151' title='bbox 2311 2513 2451 2559; x_wconf 86' lang='lat' dir='ltr'><strong>me-</strong></span> 
     </span>
     <span class='ocr_line' id='line_1_20' title="bbox 246 2594 2450 2676; baseline 0 -14"><span class='ocrx_word' id='word_1_152' title='bbox 246 2594 489 2662; x_wconf 87' lang='lat' dir='ltr'><strong>liorem</strong></span> <span class='ocrx_word' id='word_1_153' title='bbox 536 2615 626 2661; x_wconf 84' lang='lat' dir='ltr'><strong>ex</strong></span> <span class='ocrx_word' id='word_1_154' title='bbox 654 2595 945 2664; x_wconf 83' lang='lat' dir='ltr'><strong>ducibus</strong></span> <span class='ocrx_word' id='word_1_155' title='bbox 974 2597 1278 2664; x_wconf 87' lang='lat' dir='ltr'><strong>inutilem</strong></span> <span class='ocrx_word' id='word_1_156' title='bbox 1320 2596 1562 2665; x_wconf 82' lang='lat' dir='ltr'><strong>vulnus</strong></span> <span class='ocrx_word' id='word_1_157' title='bbox 1608 2597 1877 2676; x_wconf 86' lang='lat' dir='ltr'><strong>faceret,</strong></span> <span class='ocrx_word' id='word_1_158' title='bbox 1921 2596 2080 2664; x_wconf 89' lang='lat' dir='ltr'><strong>dum</strong></span> <span class='ocrx_word' id='word_1_159' title='bbox 2104 2594 2450 2662; x_wconf 87' lang='lat' dir='ltr'><strong>Gallorum</strong></span> 
     </span>
     <span class='ocr_line' id='line_1_21' title="bbox 250 2697 2448 2786; baseline 0.002 -24"><span class='ocrx_word' id='word_1_160' title='bbox 250 2697 461 2762; x_wconf 86' lang='lat' dir='ltr'><strong>animi</strong></span> <span class='ocrx_word' id='word_1_161' title='bbox 492 2697 824 2781; x_wconf 81' lang='lat' dir='ltr'><strong>vigerent:</strong></span> <span class='ocrx_word' id='word_1_162' title='bbox 859 2719 1139 2786; x_wconf 90' lang='lat' dir='ltr'><strong>quorum</strong></span> <span class='ocrx_word' id='word_1_163' title='bbox 1162 2699 1488 2785; x_wconf 84' lang='lat' dir='ltr'><strong>ingentem</strong></span> <span class='ocrx_word' id='word_1_164' title='bbox 1518 2700 2000 2768; x_wconf 86' lang='lat' dir='ltr'><strong>multitudinem</strong></span> <span class='ocrx_word' id='word_1_165' title='bbox 2025 2700 2284 2766; x_wconf 87' lang='lat' dir='ltr'><strong>sciebat</strong></span> <span class='ocrx_word' id='word_1_166' title='bbox 2303 2720 2448 2783; x_wconf 82' lang='lat' dir='ltr'><strong>seg·</strong></span> 
     </span>
     <span class='ocr_line' id='line_1_22' title="bbox 244 2801 2450 2886; baseline 0.002 -21"><span class='ocrx_word' id='word_1_167' title='bbox 244 2801 403 2866; x_wconf 86' lang='lat' dir='ltr'><strong>nius</strong></span> <span class='ocrx_word' id='word_1_168' title='bbox 434 2812 843 2881; x_wconf 88' lang='lat' dir='ltr'><strong>secuturam,</strong></span> <span class='ocrx_word' id='word_1_169' title='bbox 875 2811 1127 2886; x_wconf 90' lang='lat' dir='ltr'><strong>quanto</strong></span> <span class='ocrx_word' id='word_1_170' title='bbox 1154 2803 1421 2886; x_wconf 80' lang='lat' dir='ltr'><strong>longius</strong></span> <span class='ocrx_word' id='word_1_171' title='bbox 1444 2802 1534 2869; x_wconf 86' lang='lat' dir='ltr'><strong>ab</strong></span> <span class='ocrx_word' id='word_1_172' title='bbox 1557 2801 1758 2868; x_wconf 90' lang='lat' dir='ltr'><strong>domo</strong></span> <span class='ocrx_word' id='word_1_173' title='bbox 1781 2803 2235 2870; x_wconf 77' lang='lat' dir='ltr'><strong>traherentur-⁵</strong></span> <span class='ocrx_word' id='word_1_174' title='bbox 2281 2801 2450 2870; x_wconf 85' lang='lat' dir='ltr'><strong>Cum</strong></span> 
     </span>
     <span class='ocr_line' id='line_1_23' title="bbox 248 2903 2454 2992; baseline 0.002 -24"><span class='ocrx_word' id='word_1_175' title='bbox 248 2904 341 2969; x_wconf 93' lang='lat' dir='ltr'><strong>ob</strong></span> <span class='ocrx_word' id='word_1_176' title='bbox 371 2903 530 2969; x_wconf 80' lang='lat' dir='ltr'><strong>baec</strong></span> <span class='ocrx_word' id='word_1_177' title='bbox 553 2904 855 2990; x_wconf 86' lang='lat' dir='ltr'><strong>taliaque</strong></span> <span class='ocrx_word' id='word_1_178' title='bbox 887 2913 1187 2992; x_wconf 83' lang='lat' dir='ltr'><strong>speraret</strong></span> <span class='ocrx_word' id='word_1_179' title='bbox 1226 2905 1682 2992; x_wconf 85' lang='lat' dir='ltr'><strong>propinquum</strong></span> <span class='ocrx_word' id='word_1_180' title='bbox 1711 2916 2069 2985; x_wconf 83' lang='lat' dir='ltr'><strong>certamen,</strong></span> <span class='ocrx_word' id='word_1_181' title='bbox 2106 2913 2172 2972; x_wconf 90' lang='lat' dir='ltr'><strong>et</strong></span> <span class='ocrx_word' id='word_1_182' title='bbox 2204 2906 2454 2986; x_wconf 83' lang='lat' dir='ltr'><strong>facere,</strong></span> 
     </span>
     <span class='ocr_line' id='line_1_24' title="bbox 246 3006 2453 3095; baseline 0 -22"><span class='ocrx_word' id='word_1_183' title='bbox 246 3006 307 3073; x_wconf 86' lang='lat' dir='ltr'><strong>si</strong></span> <span class='ocrx_word' id='word_1_184' title='bbox 338 3011 745 3086; x_wconf 86' lang='lat' dir='ltr'><strong>cessaretur,</strong></span> <span class='ocrx_word' id='word_1_185' title='bbox 775 3015 1103 3093; x_wconf 73' lang='lat' dir='ltr'><strong>cuperet,r</strong></span> <span class='ocrx_word' id='word_1_186' title='bbox 1130 3007 1722 3093; x_wconf 82' lang='lat' dir='ltr'><strong>speculatoresque</strong></span> <span class='ocrx_word' id='word_1_187' title='bbox 1750 3007 1960 3092; x_wconf 85' lang='lat' dir='ltr'><strong>Galli,</strong></span> <span class='ocrx_word' id='word_1_188' title='bbox 1991 3008 2082 3074; x_wconf 89' lang='lat' dir='ltr'><strong>ad</strong></span> <span class='ocrx_word' id='word_1_189' title='bbox 2106 3027 2189 3075; x_wconf 85' lang='lat' dir='ltr'><strong>ea</strong></span> <span class='ocrx_word' id='word_1_190' title='bbox 2218 3010 2453 3095; x_wconf 86' lang='lat' dir='ltr'><strong>explo-</strong></span> 
     </span>
     <span class='ocr_line' id='line_1_25' title="bbox 244 3108 2456 3197; baseline 0.002 -23"><span class='ocrx_word' id='word_1_191' title='bbox 244 3108 494 3187; x_wconf 84' lang='lat' dir='ltr'><strong>randa,</strong></span> <span class='ocrx_word' id='word_1_192' title='bbox 523 3128 675 3194; x_wconf 77' lang='lat' dir='ltr'><strong>quae</strong></span> <span class='ocrx_word' id='word_1_193' title='bbox 711 3109 938 3189; x_wconf 85' lang='lat' dir='ltr'><strong>vellet,</strong></span> <span class='ocrx_word' id='word_1_194' title='bbox 966 3112 1269 3190; x_wconf 85' lang='lat' dir='ltr'><strong>tutiores,</strong></span> <span class='ocrx_word' id='word_1_195' title='bbox 1302 3111 1465 3196; x_wconf 86' lang='lat' dir='ltr'><strong>quia</strong></span> <span class='ocrx_word' id='word_1_196' title='bbox 1494 3111 1562 3176; x_wconf 88' lang='lat' dir='ltr'><strong>in</strong></span> <span class='ocrx_word' id='word_1_197' title='bbox 1602 3113 1898 3197; x_wconf 88' lang='lat' dir='ltr'><strong>utrisque</strong></span> <span class='ocrx_word' id='word_1_198' title='bbox 1929 3113 2170 3179; x_wconf 84' lang='lat' dir='ltr'><strong>castris</strong></span> <span class='ocrx_word' id='word_1_199' title='bbox 2209 3112 2456 3179; x_wconf 87' lang='lat' dir='ltr'><strong>milita-</strong></span> 
     </span>
     <span class='ocr_line' id='line_1_26' title="bbox 250 3211 2451 3300; baseline 0.003 -25"><span class='ocrx_word' id='word_1_200' title='bbox 250 3212 447 3292; x_wconf 85' lang='lat' dir='ltr'><strong>bant,</strong></span> <span class='ocrx_word' id='word_1_201' title='bbox 478 3219 759 3297; x_wconf 85' lang='lat' dir='ltr'><strong>paratos</strong></span> <span class='ocrx_word' id='word_1_202' title='bbox 787 3231 1032 3297; x_wconf 80' lang='lat' dir='ltr'><strong>pugnae</strong></span> <span class='ocrx_word' id='word_1_203' title='bbox 1065 3233 1215 3278; x_wconf 85' lang='lat' dir='ltr'><strong>esse</strong></span> <span class='ocrx_word' id='word_1_204' title='bbox 1262 3211 1611 3280; x_wconf 87' lang='lat' dir='ltr'><strong>Romanos</strong></span> <span class='ocrx_word' id='word_1_205' title='bbox 1650 3215 2066 3300; x_wconf 82' lang='lat' dir='ltr'><strong>retulissent3</strong></span> <span class='ocrx_word' id='word_1_206' title='bbox 2106 3217 2322 3282; x_wconf 88' lang='lat' dir='ltr'><strong>locum</strong></span> <span class='ocrx_word' id='word_1_207' title='bbox 2352 3218 2451 3282; x_wconf 86' lang='lat' dir='ltr'><strong>in-</strong></span> 
     </span>
     <span class='ocr_line' id='line_1_27' title="bbox 250 3313 1593 3403; baseline 0 -23"><span class='ocrx_word' id='word_1_208' title='bbox 250 3313 455 3398; x_wconf 83' lang='lat' dir='ltr'><strong>sidiis</strong></span> <span class='ocrx_word' id='word_1_209' title='bbox 489 3315 1046 3401; x_wconf 86' lang='lat' dir='ltr'><strong>circumspectare</strong></span> <span class='ocrx_word' id='word_1_210' title='bbox 1072 3315 1335 3384; x_wconf 87' lang='lat' dir='ltr'><strong>Poenus</strong></span> <span class='ocrx_word' id='word_1_211' title='bbox 1362 3317 1593 3403; x_wconf 84' lang='lat' dir='ltr'><strong>coepit.</strong></span> 
     </span>
    </p>

    <p class='ocr_par' dir='ltr' id='par_1_3' title="bbox 250 3415 2460 3818">
     <span class='ocr_line' id='line_1_28' title="bbox 334 3415 2458 3510; baseline 0.004 -29"><span class='ocrx_word' id='word_1_212' title='bbox 334 3418 454 3482; x_wconf 76' lang='grc'><strong>54.</strong></span> <span class='ocrx_word' id='word_1_213' title='bbox 502 3415 667 3482; x_wconf 85' lang='lat' dir='ltr'><strong>Erat</strong></span> <span class='ocrx_word' id='word_1_214' title='bbox 684 3418 755 3482; x_wconf 90' lang='lat' dir='ltr'><strong>in</strong></span> <span class='ocrx_word' id='word_1_215' title='bbox 784 3416 1005 3485; x_wconf 88' lang='lat' dir='ltr'><strong>medio</strong></span> <span class='ocrx_word' id='word_1_216' title='bbox 1031 3419 1239 3498; x_wconf 84' lang='lat' dir='ltr'><strong>rivus,</strong></span> <span class='ocrx_word' id='word_1_217' title='bbox 1269 3421 1573 3505; x_wconf 78' lang='lat' dir='ltr'><strong>praealtis</strong></span> <span class='ocrx_word' id='word_1_218' title='bbox 1610 3421 1942 3507; x_wconf 88' lang='lat' dir='ltr'><strong>utrimque</strong></span> <span class='ocrx_word' id='word_1_219' title='bbox 1975 3422 2246 3490; x_wconf 88' lang='lat' dir='ltr'><strong>clausus</strong></span> <span class='ocrx_word' id='word_1_220' title='bbox 2267 3424 2458 3510; x_wconf 83' lang='lat' dir='ltr'><strong>ripis,</strong></span> 
     </span>
     <span class='ocr_line' id='line_1_29' title="bbox 250 3520 2460 3609; baseline 0.003 -23"><span class='ocrx_word' id='word_1_221' title='bbox 250 3526 325 3586; x_wconf 89' lang='lat' dir='ltr'><strong>et</strong></span> <span class='ocrx_word' id='word_1_222' title='bbox 356 3521 545 3586; x_wconf 87' lang='lat' dir='ltr'><strong>circa</strong></span> <span class='ocrx_word' id='word_1_223' title='bbox 572 3520 835 3587; x_wconf 82' lang='lat' dir='ltr'><strong>obsitus</strong></span> <span class='ocrx_word' id='word_1_224' title='bbox 880 3521 1299 3607; x_wconf 87' lang='lat' dir='ltr'><strong>palustribus</strong></span> <span class='ocrx_word' id='word_1_225' title='bbox 1324 3521 1550 3588; x_wconf 89' lang='lat' dir='ltr'><strong>herbis</strong></span> <span class='ocrx_word' id='word_1_226' title='bbox 1578 3529 1670 3601; x_wconf 87' lang='lat' dir='ltr'><strong>et,</strong></span> <span class='ocrx_word' id='word_1_227' title='bbox 1700 3525 1946 3609; x_wconf 87' lang='lat' dir='ltr'><strong>quibus</strong></span> <span class='ocrx_word' id='word_1_228' title='bbox 1971 3526 2229 3593; x_wconf 88' lang='lat' dir='ltr'><strong>inculta</strong></span> <span class='ocrx_word' id='word_1_229' title='bbox 2256 3527 2460 3594; x_wconf 86' lang='lat' dir='ltr'><strong>ferme</strong></span> 
     </span>
     <span class='ocr_line' id='line_1_30' title="bbox 250 3623 2460 3716; baseline 0.004 -27"><span class='ocrx_word' id='word_1_230' title='bbox 250 3623 653 3703; x_wconf 82' lang='lat' dir='ltr'><strong>vestiuntur,</strong></span> <span class='ocrx_word' id='word_1_231' title='bbox 666 3623 977 3710; x_wconf 77' lang='lat' dir='ltr'><strong>virgultis</strong></span> <span class='ocrx_word' id='word_1_232' title='bbox 1008 3628 1487 3712; x_wconf 84' lang='lat' dir='ltr'><strong>vepribusque.</strong></span> <span class='ocrx_word' id='word_1_233' title='bbox 1575 3626 1792 3707; x_wconf 85' lang='lat' dir='ltr'><strong>Quem</strong></span> <span class='ocrx_word' id='word_1_234' title='bbox 1811 3629 1926 3694; x_wconf 92' lang='lat' dir='ltr'><strong>ubi</strong></span> <span class='ocrx_word' id='word_1_235' title='bbox 1947 3630 2160 3715; x_wconf 90' lang='lat' dir='ltr'><strong>equiti</strong></span> <span class='ocrx_word' id='word_1_236' title='bbox 2188 3651 2460 3716; x_wconf 90' lang='lat' dir='ltr'><strong>quoque</strong></span> 
     </span>
     <span class='ocr_line' id='line_1_31' title="bbox 251 3725 2456 3818; baseline 0.003 -26"><span class='ocrx_word' id='word_1_237' title='bbox 251 3725 552 3812; x_wconf 82' lang='lat' dir='ltr'><strong>tegendo</strong></span> <span class='ocrx_word' id='word_1_238' title='bbox 576 3725 607 3768; x_wconf 85' lang='lat'><strong>⁶</strong></span> <span class='ocrx_word' id='word_1_239' title='bbox 648 3728 819 3793; x_wconf 87' lang='lat' dir='ltr'><strong>satis</strong></span> <span class='ocrx_word' id='word_1_240' title='bbox 838 3728 1251 3796; x_wconf 87' lang='lat' dir='ltr'><strong>latebrosum</strong></span> <span class='ocrx_word' id='word_1_241' title='bbox 1280 3729 1504 3795; x_wconf 87' lang='lat' dir='ltr'><strong>locum</strong></span> <span class='ocrx_word' id='word_1_242' title='bbox 1536 3731 2028 3796; x_wconf 80' lang='lat' dir='ltr'><strong>circumvectus</strong></span> <span class='ocrx_word' id='word_1_243' title='bbox 2056 3733 2209 3818; x_wconf 90' lang='lat' dir='ltr'><strong>ipse</strong></span> <span class='ocrx_word' id='word_1_244' title='bbox 2240 3735 2456 3800; x_wconf 85' lang='lat' dir='ltr'><strong>oculis</strong></span> 
     </span>
    </p>
   </div>
   <div class='ocr_carea' id='block_1_3' title="bbox 252 3927 2462 4054">
    <p class='ocr_par' dir='ltr' id='par_1_4' title="bbox 252 3927 2462 4054">
     <span class='ocr_line' id='line_1_32' title="bbox 314 3927 2462 3999; baseline 0.004 -23"><span class='ocrx_word' id='word_1_245' title='bbox 314 3935 343 3962; x_wconf 74' lang='lat'><em>⁷</em></span> <span class='ocrx_word' id='word_1_246' title='bbox 380 3928 506 3976; x_wconf 69' lang='lat' dir='ltr'><strong>cm</strong></span> <span class='ocrx_word' id='word_1_247' title='bbox 539 3931 754 3990; x_wconf 72' lang='lat' dir='ltr'><strong>speraret</strong></span> <span class='ocrx_word' id='word_1_248' title='bbox 774 3927 1024 3980; x_wconf 71' lang='lat' dir='ltr'><strong>Hannibal</strong></span> <span class='ocrx_word' id='word_1_249' title='bbox 1048 3930 1268 3995; x_wconf 68' lang='lat' dir='ltr'><strong>prolium</strong></span> <span class='ocrx_word' id='word_1_250' title='bbox 1296 3930 1465 3982; x_wconf 69' lang='lat' dir='ltr'><strong>stetin</strong></span> <span class='ocrx_word' id='word_1_251' title='bbox 1482 3935 1752 3982; x_wconf 68' lang='lat' dir='ltr'><strong>secuturum</strong></span> <span class='ocrx_word' id='word_1_252' title='bbox 1781 3936 1948 3996; x_wconf 70' lang='lat' dir='ltr'><strong>sponte</strong></span> <span class='ocrx_word' id='word_1_253' title='bbox 1968 3931 2254 3998; x_wconf 73' lang='lat' dir='ltr'><strong>Sempronii,</strong></span> <span class='ocrx_word' id='word_1_254' title='bbox 2275 3939 2322 3985; x_wconf 76' lang='lat' dir='ltr'><strong>et</strong></span> <span class='ocrx_word' id='word_1_255' title='bbox 2343 3933 2462 3999; x_wconf 69' lang='lat' dir='ltr'><strong>ipse,</strong></span> 
     </span>
     <span class='ocr_line' id='line_1_33' title="bbox 252 3993 2118 4054; baseline 0.003 -12"><span class='ocrx_word' id='word_1_256' title='bbox 252 3993 449 4043; x_wconf 59' lang='lat' dir='ltr'><strong>etim</strong></span> <span class='ocrx_word' id='word_1_257' title='bbox 458 3993 601 4054; x_wconf 73' lang='lat' dir='ltr'><strong>sor-u</strong></span> <span class='ocrx_word' id='word_1_258' title='bbox 624 3993 831 4044; x_wconf 70' lang='lat' dir='ltr'><strong>Romi</strong></span> <span class='ocrx_word' id='word_1_259' title='bbox 844 3995 905 4045; x_wconf 77' lang='lat' dir='ltr'><strong>ab</strong></span> <span class='ocrx_word' id='word_1_260' title='bbox 925 4011 979 4046; x_wconf 82' lang='lat' dir='ltr'><strong>eo</strong></span> <span class='ocrx_word' id='word_1_261' title='bbox 1001 3995 1309 4054; x_wconf 62' lang='lat' dir='ltr'><strong>abstinerent,</strong></span> <span class='ocrx_word' id='word_1_262' title='bbox 1330 3997 1471 4047; x_wconf 75' lang='lat' dir='ltr'><strong>vellet</strong></span> <span class='ocrx_word' id='word_1_263' title='bbox 1492 4002 1651 4048; x_wconf 72' lang='lat' dir='ltr'><strong>tam</strong></span> <span class='ocrx_word' id='word_1_264' title='bbox 1672 3997 1792 4048; x_wconf 64' lang='grc' dir='ltr'><strong>1Ἰὶαά</strong></span> <span class='ocrx_word' id='word_1_265' title='bbox 1812 3999 2118 4050; x_wconf 69' lang='lat' dir='ltr'><strong>committere.</strong></span> 
     </span>
    </p>
   </div>
   <div class='ocr_carea' id='block_1_4' title="bbox 1180 4139 1485 4162">
    <p class='ocr_par' dir='ltr' id='par_1_5' title="bbox 1180 4139 1485 4162">
     <span class='ocr_line' id='line_1_34' title="bbox 1180 4139 1485 4162; baseline 0 1063"><span class='ocrx_word' id='word_1_266' title='bbox 1180 4139 1485 4162; x_wconf 95' lang='lat' dir='ltr'><strong> </strong></span> 
     </span>
    </p>
   </div>
   <div class='ocr_carea' id='block_1_5' title="bbox 316 4253 2464 4323">
    <p class='ocr_par' dir='ltr' id='par_1_6' title="bbox 316 4253 2464 4323">
     <span class='ocr_line' id='line_1_35' title="bbox 316 4253 2464 4323; baseline 0.004 -18"><span class='ocrx_word' id='word_1_267' title='bbox 316 4260 349 4305; x_wconf 79' lang='lat'><strong>-1</strong></span> <span class='ocrx_word' id='word_1_268' title='bbox 393 4253 537 4304; x_wconf 85' lang='lat' dir='ltr'><strong>Olim</strong></span> <span class='ocrx_word' id='word_1_269' title='bbox 576 4253 849 4320; x_wconf 75' lang='lat' dir='ltr'><strong>legebatur</strong></span> <span class='ocrx_word' id='word_1_270' title='bbox 881 4256 1203 4309; x_wconf 63' lang='lat' dir='ltr'><strong>rnilitum—2</strong></span> <span class='ocrx_word' id='word_1_271' title='bbox 1236 4257 1322 4310; x_wconf 82' lang='grc' dir='ltr'><strong>ΑΙ.</strong></span> <span class='ocrx_word' id='word_1_272' title='bbox 1356 4273 1414 4310; x_wconf 72' lang='grc' dir='ltr'><strong>σε</strong></span> <span class='ocrx_word' id='word_1_273' title='bbox 1448 4259 1543 4310; x_wconf 77' lang='lat' dir='ltr'><strong>teri</strong></span> <span class='ocrx_word' id='word_1_274' title='bbox 1568 4262 1711 4311; x_wconf 72' lang='lat' dir='ltr'><strong>e.-⁸</strong></span> <span class='ocrx_word' id='word_1_275' title='bbox 1745 4259 1886 4311; x_wconf 89' lang='lat' dir='ltr'><strong>Olim</strong></span> <span class='ocrx_word' id='word_1_276' title='bbox 1925 4258 2195 4323; x_wconf 73' lang='lat' dir='ltr'><strong>legebatur</strong></span> <span class='ocrx_word' id='word_1_277' title='bbox 2231 4261 2314 4312; x_wconf 73' lang='lat' dir='ltr'><strong>sed</strong></span> <span class='ocrx_word' id='word_1_278' title='bbox 2355 4276 2464 4312; x_wconf 72' lang='lat' dir='ltr'><strong>m</strong></span> 
     </span>
    </p>
   </div>
   <div class='ocr_carea' id='block_1_6' title="bbox 257 4319 2465 4435">
    <p class='ocr_par' dir='ltr' id='par_1_7' title="bbox 257 4319 2465 4435">
     <span class='ocr_line' id='line_1_36' title="bbox 257 4319 2465 4435; baseline 0.003 -65"><span class='ocrx_word' id='word_1_279' title='bbox 257 4319 757 4435; x_wconf 48' lang='lat' dir='ltr'><strong>“ri-‘mg‘m&#39;</strong></span> <span class='ocrx_word' id='word_1_280' title='bbox 788 4329 845 4373; x_wconf 74' lang='lat' dir='ltr'><strong>et</strong></span> <span class='ocrx_word' id='word_1_281' title='bbox 877 4337 998 4374; x_wconf 79' lang='lat' dir='ltr'><strong>mex</strong></span> <span class='ocrx_word' id='word_1_282' title='bbox 1036 4323 1448 4388; x_wconf 51' lang='lat' dir='ltr'><strong>“comme-4</strong></span> <span class='ocrx_word' id='word_1_283' title='bbox 1477 4322 1565 4375; x_wconf 83' lang='lat' dir='ltr'><strong>Al.</strong></span> <span class='ocrx_word' id='word_1_284' title='bbox 1604 4325 1906 4391; x_wconf 67' lang='lat' dir='ltr'><strong>solicitaeque</strong></span> <span class='ocrx_word' id='word_1_285' title='bbox 1936 4331 1984 4376; x_wconf 79' lang='lat' dir='ltr'><strong>et</strong></span> <span class='ocrx_word' id='word_1_286' title='bbox 2019 4325 2344 4378; x_wconf 57' lang='lat' dir='ltr'><strong>intentum—5</strong></span> <span class='ocrx_word' id='word_1_287' title='bbox 2379 4326 2465 4377; x_wconf 79' lang='lat' dir='ltr'><strong>Al.</strong></span> 
     </span>
    </p>
   </div>
   <div class='ocr_carea' id='block_1_7' title="bbox 260 4448 2468 4588">
    <p class='ocr_par' dir='ltr' id='par_1_8' title="bbox 260 4448 2468 4588">
     <span class='ocr_line' id='line_1_37' title="bbox 318 4448 2465 4520; baseline 0.002 -20"><span class='ocrx_word' id='word_1_288' title='bbox 318 4455 359 4500; x_wconf 74' lang='lat'>⁶</span> <span class='ocrx_word' id='word_1_289' title='bbox 390 4451 407 4480; x_wconf 76' lang='lat'>⁸</span> <span class='ocrx_word' id='word_1_290' title='bbox 430 4450 521 4500; x_wconf 77' lang='lat' dir='ltr'><strong>Sic</strong></span> <span class='ocrx_word' id='word_1_291' title='bbox 550 4463 619 4499; x_wconf 83' lang='lat' dir='ltr'><strong>ex</strong></span> <span class='ocrx_word' id='word_1_292' title='bbox 654 4448 757 4500; x_wconf 80' lang='lat' dir='ltr'><strong>fide</strong></span> <span class='ocrx_word' id='word_1_293' title='bbox 788 4452 1151 4503; x_wconf 82' lang='lat' dir='ltr'><strong>nonnullorum</strong></span> <span class='ocrx_word' id='word_1_294' title='bbox 1180 4453 1309 4507; x_wconf 74' lang='lat' dir='ltr'><strong>Mu.</strong></span> <span class='ocrx_word' id='word_1_295' title='bbox 1329 4452 1492 4505; x_wconf 85' lang='lat' dir='ltr'><strong>edidi.</strong></span> <span class='ocrx_word' id='word_1_296' title='bbox 1560 4453 1629 4506; x_wconf 77' lang='lat' dir='ltr'><strong>At</strong></span> <span class='ocrx_word' id='word_1_297' title='bbox 1655 4455 1706 4505; x_wconf 86' lang='lat' dir='ltr'><strong>in</strong></span> <span class='ocrx_word' id='word_1_298' title='bbox 1731 4455 1884 4520; x_wconf 76' lang='lat' dir='ltr'><strong>longe</strong></span> <span class='ocrx_word' id='word_1_299' title='bbox 1909 4455 2161 4520; x_wconf 75' lang='lat' dir='ltr'><strong>plurimis,</strong></span> <span class='ocrx_word' id='word_1_300' title='bbox 2183 4454 2347 4520; x_wconf 69' lang='lat' dir='ltr'><strong>iisque</strong></span> <span class='ocrx_word' id='word_1_301' title='bbox 2370 4471 2465 4520; x_wconf 86' lang='lat' dir='ltr'><strong>op·</strong></span> 
     </span>
     <span class='ocr_line' id='line_1_38' title="bbox 260 4514 2468 4588; baseline 0.001 -20"><span class='ocrx_word' id='word_1_302' title='bbox 260 4514 423 4584; x_wconf 70' lang='lat' dir='ltr'><strong>timis,</strong></span> <span class='ocrx_word' id='word_1_303' title='bbox 444 4521 594 4568; x_wconf 73' lang='lat' dir='ltr'><strong>extat</strong></span> <span class='ocrx_word' id='word_1_304' title='bbox 614 4515 795 4582; x_wconf 69' lang='lat' dir='ltr'><strong>equita</strong></span> <span class='ocrx_word' id='word_1_305' title='bbox 812 4531 990 4585; x_wconf 70' lang='lat' dir='ltr'><strong>qnoque</strong></span> <span class='ocrx_word' id='word_1_306' title='bbox 1010 4520 1229 4587; x_wconf 70' lang='lat' dir='ltr'><strong>regendo,</strong></span> <span class='ocrx_word' id='word_1_307' title='bbox 1242 4533 1309 4571; x_wconf 83' lang='lat' dir='ltr'><strong>ex</strong></span> <span class='ocrx_word' id='word_1_308' title='bbox 1324 4535 1427 4587; x_wconf 84' lang='lat' dir='ltr'><strong>quo</strong></span> <span class='ocrx_word' id='word_1_309' title='bbox 1446 4521 1654 4588; x_wconf 67' lang='lat' dir='ltr'><strong>vulgata</strong></span> <span class='ocrx_word' id='word_1_310' title='bbox 1675 4521 1808 4572; x_wconf 83' lang='lat' dir='ltr'><strong>Edd.</strong></span> <span class='ocrx_word' id='word_1_311' title='bbox 1831 4521 1988 4573; x_wconf 81' lang='lat' dir='ltr'><strong>lectio</strong></span> <span class='ocrx_word' id='word_1_312' title='bbox 2007 4522 2072 4573; x_wconf 71' lang='lat' dir='ltr'><strong>«d</strong></span> <span class='ocrx_word' id='word_1_313' title='bbox 2091 4520 2270 4586; x_wconf 60' lang='lat' dir='ltr'><strong>equite·</strong></span> <span class='ocrx_word' id='word_1_314' title='bbox 2289 4535 2468 4587; x_wconf 71' lang='lat' dir='ltr'><strong>quoqu·</strong></span> 
     </span>
    </p>
   </div>
   <div class='ocr_carea' id='block_1_8' title="bbox 3277 3465 3286 5100">
    <p class='ocr_par' dir='ltr' id='par_1_9' title="bbox 3277 3465 3286 5100">
     <span class='ocr_line' id='line_1_39' title="bbox 3277 3465 3286 5100; textangle 90"><span class='ocrx_word' id='word_1_315' title='bbox 3279 5019 3285 5100; x_wconf 58' lang='grc' dir='ltr'><strong>-ῌ-</strong></span> <span class='ocrx_word' id='word_1_316' title='bbox 3277 3465 3286 4984; x_wconf 41' lang='grc' dir='ltr'><strong>,ᾠ--ῲ-ῌ--ῌ--ῌ-ᾲᾲ</strong></span> 
     </span>
    </p>
   </div>
  </div>
 </body>
</html>
