3300 5225
773 486 950 556 2⁰⁰8
1710 506 1791 556 .·1·.
1840 505 2025 554 mvn

769 651 958 719 ribus
987 649 1230 716 castris
1258 667 1464 732 super
1487 648 1798 734 Capuam
1828 648 2159 716 consedit.
2228 647 2423 727 Inde,
2449 649 2767 716 Numidis
2796 651 2965 717 His·

770 753 1100 839 panisque
1171 750 1260 816 ad
1311 752 1699 836 praesidinm
1750 752 1949 817 simul
2004 757 2381 816 castrorum
2438 752 2643 818 simul
2702 753 2965 838 Capnae

767 855 1043 932 relictis,
1069 872 1222 920 cum
1251 861 1472 920 cetero
1493 856 1786 920 exercitu
1806 855 1895 921 ad
1924 854 2149 920 laeum
2180 853 2437 920 Averni
2460 851 2484 892 ¹¹
2514 875 2633 938 per
2658 858 2963 939 speciem

771 955 1216 1034 sacrificandi,
1245 975 1318 1020 re
1347 956 1504 1041 ipsa
1529 962 1604 1022 ut
1633 963 1919 1022 tentaret
1948 956 2280 1022 Puteolos
2308 957 2629 1041 quodque
2664 959 2761 1023 ibi
2788 979 2963 1043 prm-

769 1058 930 1126 sidii
975 1057 1170 1135 erat,⁶
1209 1058 1568 1124 descendit.
1660 1051 2053 1135 Maximus,¹
2097 1064 2452 1143 postquam
2508 1059 2967 1124 Hannibalem

769 1159 980 1246 Arpis
1024 1159 1427 1245 profectum,
1473 1168 1546 1226 et
1596 1159 1849 1243 regredi
1884 1162 1955 1226 in
2004 1159 2468 1246 Campaniam,
2504 1161 2786 1226 allatum
2832 1167 2967 1240 est,

769 1283 899 1330 nec
927 1263 1034 1328 die
1060 1282 1184 1330 nee
1209 1270 1402 1330 nocto
1429 1263 1811 1329 intermisso
1840 1262 2094 1334 itinere,
2120 1262 2209 1328 ad
2238 1264 2609 1328 exercitum
2635 1264 2845 1330 redit:
2888 1270 2968 1329 et

767 1367 891 1456 Ti.¹
907 1367 1290 1434 Gracchum
1325 1366 1414 1430 ab
1454 1364 1743 1431 Luceria
1782 1365 2238 1430 Beneventum
2286 1367 2527 1449 copias
2576 1366 2965 1444 admovere,

647 1456 652 1472 '
772 1468 865 1549 Q.
897 1470 1181 1536 Fabium
1223 1475 1578 1553 praetorem
1620 1467 1714 1552 (is
1756 1467 1935 1532 filius
1980 1469 2281 1534 consulis
2324 1465 2503 1552 erat)
2551 1468 2905 1534 Luceriam
2924 1477 2969 1504 ¹¹·

771 1572 1086 1640 Graccho
1113 1570 1474 1636 succedere
1492 1568 1710 1654 jubet.
1799 1569 1881 1634 In
1910 1569 2211 1635 Siciliam
2234 1571 2471 1636 eodem
2502 1577 2805 1654 tempore
2828 1571 2966 1636 duo

769 1681 1082 1760 praetores
1133 1672 1469 1757 prosecti‚⁷
1509 1672 1594 1738 P.
1627 1670 1981 1737 Cornelius
2030 1672 2118 1736 ad
2162 1673 2967 1752 exercitum-Otacilius,

769 1778 888 1862 qui
916 1776 1268 1842 maritimae
1298 1793 1434 1840 orae
1463 1776 1693 1859 reique
1720 1775 1949 1840 navali
1980 1780 2343 1859 praeesset3
2386 1781 2455 1840 et
2468 1776 2664 1840 ceteri
2692 1777 2765 1840 in
2792 1797 2965 1842 snas

769 1880 1060 1964 quisque
1117 1877 1500 1960 provincias
1543 1877 1865 1962 profecti:
1926 1885 2020 1956 et,
2067 1879 2313 1962 quibus
2359 1886 2791 1963 prorogatum
2840 1881 2965 1944 im·
3020 1881 3033 1896 ‘

769 1982 1034 2066 perium
1071 1985 1240 2056 erat,
1279 1979 1580 2059 easdem,
1611 1999 1779 2064 quas
1826 1981 2047 2064 priore
2086 1999 2284 2060 anuo,
2326 1981 2633 2064 regiones
2658 1981 2968 2046 obtinue-

769 2091 944 2149 runt.
2154 2105 2167 2115 ·

855 2185 963 2252 13.
1007 2183 1118 2249 Ad
1151 2183 1631 2264 Hannibalem,
1662 2206 1815 2251 cum
1860 2187 1947 2252 ad
1986 2187 2209 2252 lacum
2240 2184 2495 2251 Averni
2525 2193 2729 2264 esset,
2759 2186 2967 2269 quin·

769 2309 898 2374 que
923 2287 1182 2354 nobiles
1209 2287 1504 2372 juvenes
1528 2290 1616 2354 ab
1646 2289 1939 2355 Tarento
1968 2299 2311 2368 venerunt,
2340 2289 2584 2373 partim
2614 2289 2703 2353 ad
2730 2289 2967 2354 Trasi-

769 2411 1034 2458 menum
1075 2391 1322 2468 lacum,
1352 2391 1596 2475 partim
1625 2391 1713 2456 ad
1752 2391 2020 2458 Cannas
2047 2393 2261 2476 capti,
2290 2391 2684 2475 dimissique
2722 2393 2969 2458 domos

769 2513 921 2560 cum
949 2493 1182 2560 eadem
1229 2493 1580 2573 comitate,
1609 2514 1749 2578 qua
1792 2514 1961 2560 usus
2008 2495 2331 2560 adversus
2360 2514 2588 2560 omues
2619 2494 2969 2562 Romano—

768 2616 916 2663 rum
973 2597 1200 2663 socios
1249 2595 1506 2663 Poenus
1565 2596 1803 2664 fuerat.
1890 2595 1982 2679 Ii,
2042 2603 2065 2634 ‘
2094 2616 2425 2665 memores
2483 2595 2965 2664 beneficiorum

771 2700 918 2785 ejus
963 2698 1342 2785 perpulisse
1381 2718 1693 2784 magnam
1738 2706 1993 2786 partem
2022 2722 2097 2767 se
2124 2701 2501 2786 juventutis
2529 2701 2972 2781 Tarentinae:

767 2802 1080 2879 referunt,
1131 2808 1152 2840 ‘
1177 2807 1254 2866 ut
1295 2802 1707 2869 Hannibalis
1752 2806 2117 2871 amicitiam
2164 2824 2248 2869 ac
2296 2805 2718 2882 societatem,
2758 2824 2969 2889 quam

769 2904 1004 2989 populi
1035 2904 1350 2984 Romani,
1379 2905 1705 2987 mallent3
1748 2906 2149 2990 legatosque
2194 2906 2283 2970 ab
2324 2907 2469 2970 suis
2516 2904 2767 2971 missos
2788 2905 2815 2944 ⁸
2854 2925 2969 2972 ro·

769 3026 922 3089 gare
961 3006 1445 3087 Hannibalem,
1483 3015 1560 3075 ut
1605 3009 1974 3075 exercitum
2012 3008 2295 3093 propius
2328 3009 2697 3074 Tarentum
2733 3006 2967 3075 admo-

769 3290 868 3405 GG
899 3287 984 3339 Al.
1011 3289 1234 3339 Puteolos
1254 3288 1424 3354 quique
1455 3289 1524 3340 ibi
1550 3292 1777 3356 presidio
1806 3295 2064 3341 create-'1
2102 3290 2311 3352 Pro-secti
2332 3288 2606 3341 delendum
2630 3294 2808 3339 mouet
2826 3286 2881 3340 J.
2906 3288 2969 3339 F.

825 3368 1000 3403 ronov-

773 3424 868 3534 be?
901 3422 916 3448 ‘
943 3418 1262 3485 Legendum,
1299 3420 1484 3483 legatos
1517 3434 1568 3471 se
1603 3420 1667 3471 ab
1703 3420 1807 3472 suis
1837 3419 2021 3485 missos,
2054 3420 2137 3485 &c-
2170 3428 2372 3472 certum
2410 3416 2671 3470 arbitror?
2711 3418 2829 3469 Τει.
2866 3418 2969 3468 Ρα-

1755 3598 1974 3653 NOTAE

831 3694 858 3731 ¹¹
888 3696 968 3747 Aa
984 3698 1140 3746 laum
1161 3694 1368 3761 Averni]
1401 3696 1565 3747 Lacus
1587 3695 1829 3749 Avernus
1900 3704 2057 3749 tarrae
2074 3704 2215 3747 motu
2234 3694 2348 3745 fere
2366 3694 2529 3745 omnis
2544 3694 2759 3745 interiit.
2798 3694 2971 3745 Aver-

767 3772 843 3823 sic
862 3773 1033 3823 dictus
1057 3781 1291 3837 putatur,
1314 3773 1460 3839 quasi
1485 3772 1665 3837 ἄορνος,
1688 3776 1830 3840 cujus
1900 3790 1995 3825 nus
2018 3782 2167 3824 extat
2192 3768 2481 3823 incredibili
2506 3770 2863 3837 profunditate
2888 3774 2969 3821 in·

767 3849 1129 3913 appellationis
1154 3851 1295 3901 locus
1333 3850 1463 3899 alius
1495 3852 1547 3901 in
1576 3852 1831 3915 Thespro·
1903 3857 1986 3902 ter
2006 3852 2158 3901 Baias
2182 3859 2237 3899 et
2261 3848 2513 3899 Puteolos
2535 3848 2793 3898 maritima
2816 3850 2971 3898 Cam·

767 3927 844 3975 tia
869 3927 1016 3991 Epiri
1049 3927 1279 3990 regiona,
1314 3927 1368 3977 id
1407 3935 1510 3992 est,
1543 3929 1560 3958 ⁸
1583 3928 1694 3978 sine
1727 3928 1833 3977 avi·
1902 3928 2071 3991 panim
2112 3925 2300 3977 Felicis
2338 3926 2551 3990 oppida,
2588 3932 2646 3975 et
2676 3922 2845 3975 adbuc
2876 3940 2971 3974 no·

768 4002 927 4065 bus3’
961 4004 1095 4067 quod
1136 4010 1352 4069 propter
1387 4020 1594 4069 gravem
1618 4004 1831 4055 odorem
1898 4018 2018 4053 men
2042 4010 2234 4053 servat.

768 4096 922 4144 quom
945 4081 1168 4141 exhalat,
1187 4082 1576 4146 supervolantes
1598 4083 1829 4133 volucres
1966 4076 1981 4113 ¹
2010 4077 2283 4142 Maximus]
2315 4078 2521 4143 Nempe
2545 4078 2611 4131 Q·
2634 4075 2845 4127 Fabius.

767 4159 1050 4208 exanimari
1073 4158 1332 4208 dicautur:
1371 4158 1505 4209 unde
1540 4157 1710 4224 poiitis
1745 4174 1831 4209 oc·
1963 4164 2001 4191 ¹¹¹
2028 4154 2299 4218 Luceriam]
2334 4155 2423 4205 Ita
2442 4154 2577 4205 dixit
2596 4152 2969 4203 hemanue-

767 4234 910 4283 casio
933 4234 1146 4283 nominis
1167 4234 1300 4283 illius
1335 4234 1400 4284 ad
1436 4234 1638 4286 Inferna
1664 4244 1831 4286 trans·
1898 4236 2079 4295 cedere,
2127 4231 2557 4298 quemadmodum
2606 4230 2859 4281 Lucerias
2894 4229 2973 4281 ire

766 4308 985 4360 serendi.
1037 4310 1202 4361 Juxta
1227 4312 1500 4362 Lucrinum
1523 4314 1689 4363 lacum
1710 4312 1828 4377 fuit,
1900 4311 1989 4361 alii
2010 4310 2299 4359 dixissent:
2334 4306 2592 4371 significat
2610 4306 2698 4369 ad,
2720 4306 2803 4355 vel
2823 4308 2967 4373 apud

765 4386 858 4437 sed
881 4386 1132 4438 Lucrinus
1171 4388 1313 4439 lacus
1349 4403 1434 4439 sn.
1468 4389 1657 4441 Christi
1682 4394 1829 4441 1688.
1899 4388 2171 4441 Luceriam
2194 4386 2435 4439 Graccho
2454 4384 2754 4437 succedere.
