3300 5225
849 447 1019 517 1⁹14
1779 465 1846 512 τ.
1895 463 2086 513 mvn

842 617 951 677 tor
976 611 1331 678 cernebat·
1394 609 1731 689 Ceterum,
1775 629 1927 676 cum
1962 618 2085 675 aut
2124 629 2328 694 poena
2373 609 2794 676 cohibendus
2827 615 3031 687 esset,

839 722 965 780 aut
1019 715 1345 780 beneficio
1396 713 1884 793 conciliandus,
1933 715 2068 780 sibi
2117 713 2544 794 assumsisse,
2595 733 2798 799 quam
2845 712 3030 778 hosti

844 817 1205 898 ademisse,
1244 818 1483 884 fortem
1524 838 1608 885 ac
1659 824 1996 884 strenuum
2023 818 2259 884 maluit
2289 818 2573 897 socium,
2601 818 3034 901 accitumque

840 922 934 987 ad
966 941 1041 988 se
1080 923 1359 1006 benigne
1402 921 1744 1008 appellat:
1791 927 1813 957 ‘
1837 920 2102 987 Multos
2129 941 2282 986 eum
2311 920 2582 987 invidos
2611 921 2782 986 inter
2809 939 3034 1005 popu-

842 1027 1021 1092 lares
1048 1025 1307 1104 babere,
1338 1023 1497 1089 inde
1538 1025 1929 1091 existimatu
1963 1025 2166 1091 facile
2211 1045 2388 1104 csse,
2420 1024 2603 1110 quod
2631 1043 2826 1089 nemo
2855 1023 3034 1090 civis

844 1127 1156 1193 Nolanus
1182 1127 1316 1193 sibi
1344 1127 1767 1208 indicaverit,
1791 1148 1994 1214 quam
2019 1130 2233 1194 multa
2261 1127 2410 1214 ejus
2439 1127 2702 1211 egregia
2733 1126 3036 1192 facinora
3071 1201 3078 1206 ,

840 1231 1162 1296 militaria
1190 1238 1434 1298 essent.
1520 1230 1678 1311 Sed,
1719 1233 1839 1316 qui
1875 1233 1944 1297 in
1988 1231 2320 1298 Romanis
2347 1229 2732 1296 militaverit
2761 1229 3031 1309 castris,

840 1353 975 1400 non
1016 1353 1223 1419 posse
1250 1335 1609 1399 obscuram
1657 1334 1806 1419 ejus
1833 1335 2144 1400 virtutem
2175 1353 2350 1400 esse.
2437 1333 2700 1398 Multos
2727 1333 2885 1412 sibi,
2915 1334 3034 1418 qui

842 1457 993 1504 cum
1030 1457 1113 1502 eo
1156 1436 1492 1522 stipendia
1536 1437 1838 1518 fecerint,
1865 1438 2122 1517 referre,
2169 1439 2288 1523 qui
2320 1439 2418 1505 vir
2453 1444 2651 1502 esset·
2666 1437 2803 1518 ille,
2841 1457 3032 1522 φω-

841 1559 974 1625 que
1012 1547 1079 1608 et
1105 1541 1371 1625 quoties
1401 1540 1708 1625 pericula
1743 1559 1867 1624 pro
1899 1541 2117 1607 salute
2145 1561 2232 1607 ac
2273 1539 2593 1624 dignitate
2621 1539 2856 1624 populi
2889 1538 3036 1603 Ro-

838 1644 1025 1707 mani
1070 1643 1366 1712 adisset:
1426 1644 1660 1727 utique
1706 1643 2045 1709 Cannensi
2085 1643 2322 1728 praelio
2363 1663 2496 1709 non
2541 1643 2730 1727 prius
2756 1647 3032 1726 pugua⁵

842 1745 1203 1824 abstiterit,
1254 1764 1456 1830 quarn
1494 1765 1708 1831 prope
1749 1747 2112 1830 exsanguis
2153 1746 2345 1810 ruina
2395 1745 3034 1830 superincidentium

840 1847 1154 1928 virorum,
1202 1867 1546 1932 equorum,
1592 1868 2058 1934 armorumque
2118 1845 2258 1913 sit⁶
2313 1867 2696 1934 oppressus.
2784 1846 3034 1932 Itaque

840 1958 1060 2016 macte
1110 1952 1355 2018 virtute
1402 1951 1593 2030 esto:
1638 1951 1876 2036 inquit.
1966 1956 1988 1986 ‘
2010 1949 2218 2036 Apud
2265 1971 2376 2018 me
2405 1952 2528 2018 tibi
2549 1951 2787 2017 -omnis
2817 1952 3034 2020 bonos

842 2060 1047 2138 atque
1104 2073 1299 2119 omne
1354 2055 1706 2138 praemium
1751 2055 1914 2120 erit:
1982 2063 2074 2134 et,
2117 2075 2256 2140 quo
2306 2055 2719 2141 frequentior
2759 2075 3036 2121 mecum

838 2155 1064 2236 fueris,
1098 2157 1366 2248 ,senties
1416 2177 1567 2222 eam
1614 2177 1756 2222 rem
1801 2157 1924 2222 tibi
1977 2156 2282 2241 dignitati
2341 2163 2540 2243 atque
2581 2157 3033 2225 emolumento

840 2257 1038 2324 esse!
1124 2261 1451 2344 Laetoque
1497 2259 1736 2344 juveni
1789 2261 2140 2344 promissis
2185 2279 2432 2346 equum
2485 2261 2802 2326 exim-ium
2855 2261 3036 2328 dono

838 2362 983 2441 dat,
1024 2363 1429 2448 bigatosque
1472 2365 1865 2449 quingentos
1885 2373 1913 2414 ¹³
1958 2369 2360 2449 quaestorem
2407 2384 2750 2430 numerare
2791 2365 3033 2449 jubet:

836 2467 1181 2532 lictoribus
1204 2467 1515 2550 imperat,
1542 2475 1623 2533 ut
1650 2487 1804 2532 eum
1833 2487 1910 2532 se
1937 2468 2146 2547 adire,
2174 2469 2436 2553 quoties
2463 2468 2644 2546 velit,
2671 2469 3034 2552 patiantur.

853 2607 861 2616 -
923 2569 1031 2635 16.
1078 2569 1238 2637 Hac
1269 2570 1590 2636 comitate
1616 2568 1932 2637 Marcelli
1973 2569 2216 2638 ferocis
2252 2571 2524 2657 juvenis
2565 2572 2829 2639 animus
2857 2571 3035 2639 adeo

839 2680 943 2739 cst
969 2672 1296 2752 mollitus,
1326 2679 1403 2739 ut
1426 2694 1627 2739 nemo
1662 2674 1818 2740 inde
1846 2676 2182 2741 sociorum
2213 2696 2354 2741 rem
2385 2675 2760 2743 Romanam
2793 2678 3036 2743 fortius

840 2796 922 2842 ac
952 2777 1218 2843 fidelius
1237 2778 1513 2863 Juverit.
1596 2776 1770 2843 Cum
1813 2778 2162 2845 Hannibal
2201 2779 2289 2844 ad
2339 2784 2566 2864 portas
2595 2787 2800 2860 esset,
2845 2780 3036 2866 (No-

838 2882 973 2945 lam
1020 2880 1198 2945 enim
1238 2898 1475 2947 rursus
1516 2901 1561 2946 a
1593 2880 1893 2947 Nuceria
1947 2889 2241 2950 moverat
2257 2890 2286 2941 7
2336 2885 2620 2962 castra,)
2666 2883 3034 2969 plebesque

842 2983 1115 3049 Nolana
1140 2982 1224 3047 de
1252 2985 1503 3067 integro
1534 2984 1620 3048 ad
1651 2982 2095 3051 defectionem
2123 2993 2486 3070 spectaret,
2511 2984 2874 3054 Marcellus
2905 2988 3032 3053 sub

840 3085 1201 3152 adventum
1223 3085 1515 3153 hostium
1551 3088 1725 3153 intra
1755 3086 1978 3152 muros
2009 3107 2084 3152 se
2116 3089 2412 3173 recepit3
2456 3110 2588 3183 non
2609 3091 2857 3155 castris
2899 3110 3031 3156 mc-

840 3196 1059 3265 tuens,
1088 3188 1211 3253 sed
1252 3209 1336 3253 ne
1381 3188 1746 3272 prodendoe
1793 3192 1978 3257 urbis
2007 3192 2438 3257 occasionem
2467 3193 2664 3258 nimis
2693 3193 2936 3259 multis
2960 3195 3028 3257 in

840 3310 991 3356 cam
1028 3293 1565 3357 imminentibus·
1605 3293 1814 3358 daret.
1867 3320 1870 3323 ⁴
1902 3295 2154 3359 Instrui
2194 3295 2433 3361 deinde
2475 3297 2806 3380 utrimque
2851 3297 3034 3363 acies

840 3402 1109 3479 coeptae,
1159 3394 1615 3462 Romanorum
1667 3417 1788 3482 pro
1827 3398 2160 3464 moenibus
2213 3398 2439 3479 Nolae,
2487 3399 2857 3466 Poenorum
2884 3406 3032 3466 ante

903 3576 927 3602 ⁸
956 3572 1076 3621 Cum
1088 3573 1287 3637 plurimi
1307 3588 1368 3624 ex
1393 3576 1585 3627 Nolana
1600 3576 1735 3643 plebe
1754 3592 1857 3627 eam
1876 3574 2213 3645 (occasionem)
2233 3582 2494 3644 captarent.

1755 3718 2122 3745 commuue

839 3818 870 3863 ³
905 3812 1045 3865 Olim
1065 3815 1353 3880 legebatur,
1375 3834 1499 3869 ιιιοω
1516 3819 1563 3867 εἰ
1583 3834 1639 3869 ea
1659 3819 1800 3881 dies.
1818 3820 1969 3870 d.-4
2006 3819 2088 3870 Al.
2107 3836 2168 3870 σα
2185 3826 2458 3886 tempestate
2472 3823 2922 3875 stabilimen—5·
2950 3821 3034 3875 ΑΙ.

846 3881 1089 3932 commui
1099 3898 1265 3947 pugna
1285 3900 1379 3934 non
1394 3886 1531 3950 prim
1544 3885 1834 3950 pretim-⁴3
1866 3885 2126 3936 Armorum
2145 3887 2210 3937 eit
2234 3889 2468 3941 Crevier.

862 4096 869 4110 .
1826 4050 2052 4103 NOTAE

906 4150 934 4185 Ρ
970 4144 1265 4211 fissamque
1294 4147 1597 4212 Μαΐου]
1636 4148 1786 4200 Dicti
1808 4150 1904 4199 Bi·-
1982 4150 2102 4201 rios.
2165 4150 2447 4215 Quingenti
2487 4157 2663 4202 autem
2695 4150 2896 4202 denarii
2939 4154 3028 4202 bo·

838 4221 949 4283 suti
972 4224 1047 4273 uti
1082 4226 1379 4289 quadrigati
1410 4228 1605 4275 nummi
1622 4240 1654 4275 a
1679 4234 1800 4277 notu
1825 4227 1902 4276 bi·
1981 4227 2179 4277 dier-use
2205 4228 2341 4292 apud
2374 4242 2466 4279 uos
2491 4236 2712 4279 moneta}
2735 4230 3033 4297 aequipolle-

842 4316 1019 4362 gutum
1049 4308 1105 4352 et
1128 4301 1492 4368 quadrigarum
1522 4306 1597 4354 eis
1629 4305 1900 4370 impressa,
1981 4317 2098 4357 rent
2120 4306 2268 4357 libris
2289 4304 2459 4357 ferme
2481 4305 2743 4357 ducentis.

844 4378 1022 4442 quales
1054 4381 1241 4431 multo·
1274 4380 1443 4432 adbuc
1476 4380 1706 4433 uidemus
1739 4383 1896 4434 ‹lena-
