3300 5225
816 453 993 522 1916

816 621 1038 698 uibus,
1068 619 1137 688 in
1176 637 1259 686 ea
1292 619 1585 704 impetus
1624 617 1836 686 fieret.
1925 617 2038 684 Ita
2065 617 2374 684 instructi
2401 617 2574 684 iutra
2601 625 2835 704 portas
2863 623 3012 683 sta-

816 725 1001 791 bant.
1092 723 1481 802 Hannibali,
1512 723 1637 789 sub
1665 721 1874 806 signis
1907 721 2012 810 (id
2056 721 2240 808 quod
2277 741 2399 808 per
2443 721 2702 808 aliquot
2735 721 2882 786 dies
2913 721 3010 786 se-

814 825 1037 913 cerat)
1066 826 1152 892 ad
1181 825 1463 890 multum
1493 824 1631 890 diei
1659 826 1730 892 in
1761 825 1910 892 acie
1939 827 2173 903 stanti,
2199 825 2418 912 primo
2448 825 2776 891 miraculo
2806 835 3014 902 esse:

815 929 1002 1016 quod
1034 947 1162 994 uec
1202 927 1540 992 exercitus
1570 927 1920 994 Romanus
1957 935 2153 1016 porta
2179 928 2612 1012 egrederetur,
2641 947 2768 996 uec
2797 947 3016 994 arma·

812 1041 922 1102 tus
952 1035 1311 1120 quisquam
1339 1035 1407 1100 in
1434 1034 1641 1100 muris
1673 1041 1880 1100 esset.
1969 1033 2190 1102 Ratus
2214 1034 2461 1101 deiude
2493 1033 2766 1120 prodita
2795 1032 3014 1100 collo-

816 1141 983 1226 quia
1006 1159 1183 1218 esse,
1222 1145 1533 1224 metuque
1566 1138 1823 1204 resides
1851 1137 2130 1218 factos,·
2161 1145 2416 1224 partem
2445 1139 2731 1204 militum
2761 1140 2832 1204 in
2859 1157 3012 1204 cas-

814 1249 917 1308 tra
934 1243 1237 1322 remittit,
1258 1242 1491 1328 jussos
1512 1261 1798 1326 propere
1821 1249 2212 1327 apparatum
2245 1261 2502 1306 omnem
2533 1241 3012 1326 oppugnandas

814 1345 1002 1412 urbis
1032 1345 1101 1410 iu
1131 1347 1413 1432 primam
1438 1345 1651 1410 aciem
1669 1343 1938 1426 afferre3
1981 1345 2152 1410 satis
2179 1343 2414 1424 fideus,
2445 1345 2504 1410 si
2533 1343 3014 1412 cunctantibus

816 1449 1116 1526 instaret,
1148 1445 1497 1513 tumultum
1522 1446 1815 1530 aliquem
1839 1445 1908 1512 in
1939 1447 2104 1512 urbe
2131 1447 2402 1532 plebem
2433 1457 2782 1514 moturum.
2831 1447 3015 1512 Dum

814 1552 887 1616 in
908 1558 959 1600 ¹5
990 1569 1113 1616 sua
1154 1550 1441 1634 quisque
1469 1549 1840 1615 ministeria
1869 1548 2174 1616 discursu
2204 1551 2490 1637 trepidat
2517 1550 2602 1617 ad
2633 1553 2852 1638 prima
2879 1548 3012 1631 sig-

816 1675 927 1732 na,
957 1652 1401 1737 succeditque
1440 1651 1528 1717 ad
1573 1671 1804 1717 muros
1847 1653 2055 1731 acies,
2083 1653 2430 1739 patefacta
2471 1662 2750 1740 repente
2789 1659 3016 1738 porta,

1763 473 1834 524 ‘1'-
1881 472 2070 524 LIV„

818 1755 1191 1822 Marcellus
1220 1757 1413 1838 sigua
1440 1775 1679 1824 canere
1711 1755 2204 1841 clamoremque
2247 1758 2419 1836 tolli,
2459 1777 2542 1823 ac
2587 1757 2852 1843 pedites
2881 1755 3016 1839 pri·

818 1879 1025 1938 mum,
1064 1857 1309 1926 deiude
1350 1859 1628 1944 equites,
1677 1866 1925 1944 quanto
1972 1861 2268 1926 maximo
2315 1869 2594 1948 possent
2633 1862 2915 1945 impetu,
2945 1859 3016 1924 in

820 1963 1079 2028 bostem
1139 1981 1487 2048 erumpere
1537 1961 1752 2047 jubet.
1839 1961 2026 2030 Satis
2083 1965 2354 2031 terroris
2425 1965 2887 2050 tumultusque
2947 1963 3018 2026 in

820 2067 1035 2132 aciem
1066 2065 1351 2132 mediam
1376 2064 1750 2144 intulerant,
1781 2085 1932 2132 cum
1964 2066 2238 2133 duabus
2259 2069 2438 2134 circa
2459 2067 2674 2152 portis
2701 2064 2784 2132 P.
2807 2065 3020 2132 Vale-

818 2170 961 2234 rius
1008 2169 1299 2236 Flaccus
1328 2176 1401 2236 et
1438 2167 1520 2236 C.
1557 2167 1878 2235 Aurelius
1915 2168 2120 2254 legati
2163 2171 2234 2236 iu
2274 2189 2526 2238 cornua
2551 2170 2844 2237 hostium
2873 2189 3014 2234 eru-

816 2291 996 2359 pere.
1085 2271 1429 2338 Addidere
1474 2270 1836 2339 clamorem
1875 2272 2038 2339 lixa>
2069 2273 2514 2362 calonesque,
2545 2281 2616 2340 et
2657 2273 2799 2340 alia
2827 2274 3018 2338 turba

820 2374 1155 2442 custodiae
1178 2376 1802 2462 impedimentorum
1832 2377 2178 2462 apposita,
2195 2386 2272 2444 ut
2292 2379 2702 2464 paucitatem
2725 2378 3019 2444 maxime

819 2478 1291 2564 spernentibus
1318 2476 1559 2544 Poeuis
1600 2478 1886 2562 ingentis
1913 2487 2180 2564 repente
2219 2481 2564 2546 exercitus
2597 2481 2897 2566 speciem
2927 2481 3018 2544 se·

820 2582 1053 2649 cerint.
1140 2580 1285 2648 Vix
1314 2581 1630 2669 equidem
1683 2581 1900 2649 ausim
1939 2581 2281 2664 affirmare,
2305 2585 2484 2671 quod
2539 2584 2816 2670 quidam
2865 2603 3020 2649 auc-

820 2694 1003 2751 tores
1034 2692 1209 2765 sunt,
1236 2685 1375 2751 duo
1404 2685 1621 2753 millia
1640 2694 1714 2751 et
1749 2686 2164 2770 octingentos
2206 2688 2496 2755 bostium
2525 2706 2752 2755 caesos
2770 2708 2791 2768 ς
2811 2696 2840 2725 ¹
2883 2706 3018 2752 non

821 2790 981 2874 plus
1026 2790 1418 2875 quingentos
1462 2788 1847 2861 Romanum
1891 2787 2322 2857 amisisse.¹⁶5
2407 2792 2572 2859 Sive
2613 2798 2830 2871 tanta,
2875 2792 3020 2857 sive

886 2969 913 2995 ⁸
944 2959 1097 3012 luicio
1115 2959 1381 3011 mirabatur
1404 2958 1670 3011 Hannibal.

1744 3044 2107 3078 000050000000

822 3172 890 3208 ex
924 3156 1197 3215 iudum-ia,
1232 3158 1349 3208 scil.
1378 3172 1438 3208 ne
1655 3158 1668 3171 ⁰
1725 3167 1829 3209 cet.
1859 3164 1952 3211 aut

1979 3158 2152 3223 dena
2173 3164 2252 3209 est
2273 3156 2356 3207 vel
2377 3156 2616 3207 destinam
2637 3154 2720 3205 vel
2735 3154 2889 3206 dete:
2923 3154 3022 3205 Ru-

824 3228 1095 3287 pert.—15
1130 3225 1345 3288 Moxque
1384 3226 1497 3273 dun
1532 3225 1587 3273 in
1621 3223 1754 3275 Edu,
1797 3235 1920 3275 aure
1955 3226 2190 3276 Gronov.
2227 3232 2284 3273 et
2319 3224 2558 3288 plerique
2597 3220 2868 3272 Μαι-16
2897 3221 2918 3249 ‘
2940 3220 3026 3269 lta

824 3290 931 3339 Ms.
956 3290 1081 3339 Pnt.
1105 3300 1161 3341 et
1184 3290 1251 3339 al.
1289 3292 1381 3339 duo
1398 3290 1553 3339 millis
1574 3295 1622 3339 et
1644 3295 1878 3340 meeum
1897 3291 1948 3341 k.
1969 3306 2010 3340 c.
2031 3306 2126 3339 aon
2155 3290 2374 3353 phem
2397 3288 2633 3339 Romo·
2649 3286 2872 3337 «nisime
2893 3286 3024 3335 Eud.

824 3364 947 3405 ante
970 3354 1142 3405 Drak.
1195 3356 1364 3420 Supra
1405 3356 1633 3421 quinque
1671 3356 1832 3406 millia
1860 3356 2090 3407 bostium
2125 3370 2262 3407 cesa
2295 3364 2352 3405 et
2387 3366 2444 3403 n.
2477 3354 2738 3404 Romanos
2769 3351 3024 3403 cecidisse

1815 3503 2039 3557 Now

824 3601 1055 3653 subridic-
1120 3602 1233 3666 Ego
1270 3616 1387 3667 qun
1416 3602 1487 3653 nit
1529 3602 1889 3668 interrogandi
1967 3609 2057 3655 cet
2076 3607 2316 3654 auctore·
2337 3608 2394 3651 et
2415 3599 2666 3653 conscios.

826 3687 917 3728 aut
950 3678 1169 3727 mirandi
1210 3686 1369 3731 causa
1400 3694 1505 3731 non
1538 3679 1720 3731 video:
1761 3680 1888 3746 quid
2033 3678 2729 3741 *numinianum-gem·
2747 3674 3024 3739 [mm]

824 3756 963 3807 euim
985 3756 1197 3819 clarius,
1213 3771 1367 3821 quam
1393 3758 1599 3822 partitis
1614 3771 1647 3807 a
1663 3758 1884 3809 Marcel·

826 3834 883 3886 lo
902 3834 1041 3885 intra
1072 3832 1251 3883 urbem
1274 3831 1339 3881 sd
1366 3842 1471 3883 tres
1500 3840 1682 3897 portu
1703 3835 1887 3900 copiis,

830 3920 1035 3977 partem
1048 3924 1225 3961 earnm
1243 3908 1463 3975 aliquam
1480 3910 1794 3963 destinatam
1807 3910 1888 3963 fu·

828 3990 951 4047 isse.
970 4005 1086 4056 quae
1111 3990 1213 4038 vim
1234 3986 1401 4053 plebis
1423 3988 1660 4047 Nolunt.
1677 3990 1890 4057 impedi·

830 4077 1007 4120 menta
1027 4075 1083 4119 et
1104 4066 1329 4117 sarcinas
1350 4064 1577 4132 diripere
1608 4067 1892 4133 molientis,

831 4153 1055 4201 arceret,
1064 4143 1343 4209 datumque
1358 4142 1742 4207 impedimentis
1757 4161 1892 4210 prm·

832 4224 1037 4276 sidium.
1072 4222 1209 4271 Data
1230 4226 1349 4269 snut
1366 4219 1539 4285 itaque
1552 4218 1890 4286 impedimen·

830 4302 899 4353 tis
924 4298 1184 4365 praesidia,
1205 4310 1321 4361 quae
1344 4295 1409 4345 ad
1434 4296 1487 4346 id
1508 4295 1786 4351 destinata.

898 4386 921 4413 ⁸
956 4376 1155 4429 Resides
1188 4374 1361 4439 ructu]
1390 4370 1724 4427 Defectionis
1753 4376 1892 4429 scili·

1965 3756 2172 3807 Μέση
2213 3752 2386 3818 nm]
2449 3754 2704 3819 mojorem
2757 3766 3024 3803 numerum

1967 3833 2175 3901 quidam
2209 3831 2486 3899 prodidere
2515 3829 2654 3895 apud
2677 3830 2956 3881 Plutarch.
2973 3830 3024 3879 in

1967 3912 2240 3973 Marcello,
2261 3910 2498 3961 nimirum
2519 3910 2750 3975 quinque
2781 3908 2988 3959 millium
3003 3922 3022 3955 ε

1967 3989 2126 4041 iidem
2147 3987 2458 4055 quingentos
2479 3999 2548 4035 ex
2571 3984 2920 4035 Romanorum
2943 3997 3026 4033 ex·

1967 4066 2140 4117 ercitu
2181 4060 2506 4114 desideratos
2545 4060 2896 4125 tradiderunt,
2937 4058 3023 4109 sed

1967 4144 2220 4195 minorem
2262 4154 2530 4191 numerum
2573 4136 2774 4189 fatetur
2813 4151 2846 4187 a
2885 4134 3024 4187 Livio

1969 4221 2192 4274 editum.

2045 4308 2068 4343 5
2117 4300 2228 4349 Non
2277 4298 2387 4363 plus
2425 4295 2710 4363 quingenta·
2763 4294 3022 4345 Ronm-

1967 4376 2083 4443 [κιο
2121 4376 2382 4441 nonna]
2408 4374 2646 4438 unitim]
2675 4372 2821 4436 Lege
2857 4370 3022 4419 Rea·-
