3300 5225
833 80 1008 149 2040
1782 98 1852 147 τ.
1900 90 2127 149 mvn·

833 240 1250 311 Hannibalis
1299 240 1699 308 beneficium
1746 242 2103 323 habebant,
2158 246 2343 329 capti
2408 245 2497 312 ad
2556 246 3013 316 Trasimenum

827 348 998 413 inter
1018 345 1480 411 Romanorum
1503 346 1765 409 auxilia
1780 341 1805 383 ⁸
1834 346 2251 432 dimissique.
2339 347 2534 428 Quos
2554 350 2671 415 ubi
2698 370 2793 417 ex
2820 354 3013 435 signis

829 463 1294 531 armorumque
1311 454 1340 499 ⁹
1388 447 1620 513 habitu
1676 466 2050 530 cognovere
2107 448 2563 533 Hippocrates
2592 459 2819 536 atque
2860 454 3013 537 Epi-

829 551 1066 635 cydes,
1103 570 1329 615 ramos
1365 548 1538 615 olem
1567 568 1653 615 ac
1682 548 2052 615 velamenta
2081 550 2219 617 alia
2264 552 2647 637 supplicum
2688 556 3010 639 porrigen-

825 660 948 735 tes,
991 672 1209 731 orare,
1249 658 1270 687 ‘
1301 660 1380 717 ut
1407 653 1777 737 reciperent
1804 670 1955 717 sese
1994 659 2433 739 receptosque
2464 661 2864 733 tutarentur,
2892 677 3009 722 neu

825 758 1184 845 proderent
1231 754 1695 839 Syracusanis,
1745 772 1790 819 a
1832 754 2081 839 quibus
2126 774 2290 821 mox
2334 756 2467 841 ipsi
2496 757 2875 825 trucidandi
2898 782 3005 845 po-

825 862 990 945 pulo
1018 858 1326 924 Romano
1355 853 1787 921 dederentur.’

909 962 1022 1027 31.
1065 956 1514 1037 ‘Enimvero,’
1549 957 1986 1034 conclamant,
2026 962 2047 995 ‘
2065 960 2319 1025 bonum
2364 968 2439 1027 ut
2481 963 2782 1030 animum
2817 964 3005 1030 habe-

825 1072 1016 1132 rent:
1061 1082 1322 1129 omnem
1365 1081 1442 1127 se
1477 1078 1630 1127 cum
1664 1060 1801 1125 iuis
1839 1061 2165 1127 fortunam
2200 1062 2583 1131 subituros?
2670 1067 2863 1133 Inter
2888 1066 3001 1132 hoc

825 1168 1234 1251 colloquium
1275 1166 1466 1248 sigua
1509 1164 1975 1241 constiterant,
2016 1166 2492 1251 tenebaturque
2536 1188 2817 1253 agmen3
2866 1192 3001 1235 nec-

821 1269 1007 1347 dum,
1037 1288 1190 1353 quae
1233 1286 1440 1333 morae
1479 1284 1691 1332 causa
1720 1264 1911 1342 foret,
1940 1276 2335 1350 pervenerat
2362 1269 2449 1334 ad
2492 1268 2725 1335 duces.
2816 1272 2999 1336 Post-

823 1392 1030 1457 quam
1067 1360 1566 1455 'Hippocraten
1637 1374 1841 1451 atque
1916 1368 2259 1453 Epicyden
2334 1370 2572 1437 adesse
2591 1380 2644 1411 ¹⁰
2716 1377 2999 1457 pervasit

819 1494 1067 1553 rumor,
1095 1475 1530 1557 fremitusque
1555 1478 1705 1537 toto
1744 1473 2007 1555 agmine
2034 1481 2179 1538 erat
2204 1472 2383 1539 haud
2411 1472 2610 1540 dubie
2636 1479 2998 1560 approban-

818 1578 986 1643 tium
1017 1577 1382 1643 adventum
1409 1594 1681 1654 eornm3
1722 1574 2070 1658 extemplo
2092 1583 2407 1659 praetores
2438 1578 2669 1643 citatis
2696 1580 2889 1663 equis
2918 1580 2995 1643 ad

817 1681 1040 1766 prima
1069 1682 1258 1765 signa
1285 1684 1742 1765 perrexerunt,
1774 1681 1795 1713 ‘
1814 1676 1953 1757 Qui
1986 1698 2141 1743 mos
2186 1678 2322 1758 ille,
2349 1699 2505 1764 quae
2535 1680 2809 1745 licentia
2848 1680 2995 1746 Cre-

817 1786 1110 1849 tensium
1145 1781 1368 1860 esset,’
1415 1768 1809 1865 rogitanteS,
1858 1786 1879 1815 ‘
1900 1780 2245 1864 colloquia
2290 1782 2549 1847 serendi
2594 1804 2757 1849 cum
2798 1784 2991 1861 hoste,

815 1888 1212 1972 injussuque
1243 1891 1606 1969 praetorum
1635 1883 1965 1949 miscendi
1996 1902 2121 1949 eos
2150 1884 2397 1967 agmini
2420 1886 2617 1952 suo‘l’
2690 1887 2993 1971 Compre-

813 1989 1012 2055 hendi
1043 1988 1360 2073 injicique
1391 1994 1669 2053 catenas
1690 1984 2041 2070 jusserunt
2068 1985 2559 2070 Hippocrati.¹¹
2644 1989 2765 2055 Ad
2802 2010 2990 2074 quam
3102 2055 3105 2058 .

813 2111 1052 2157 vocem
1081 2094 1306 2157 tantus
1327 2087 1669 2171 extemplo
1709 2086 1995 2173 primum
2022 2106 2065 2151 a
2092 2087 2523 2155 Cretensibus
2552 2095 2601 2129 ¹²
2628 2092 2878 2158 clamor
2900 2099 2987 2159 est

814 2200 1024 2273 ortus,
1055 2192 1292 2259 deinde
1311 2198 1642 2275 exceptus
1672 2192 1763 2256 ab
1790 2191 1970 2268 aliis,
1998 2195 2075 2257 ut
2096 2190 2321 2271 facile,
2344 2194 2402 2257 si
2434 2193 2611 2259 ultra
2640 2195 2986 2273 tenderent,

811 2301 1192 2381 appareret,
1235 2296 1335 2359 eis
1379 2291 1747 2358 timendum
1792 2290 1995 2358 esse!
2071 2293 2339 2359 Soliciti
2380 2295 2753 2381 incertique
2792 2316 2982 2362 rerum

813 2418 1082 2465 suarum
1115 2396 1483 2479 Megaram,
1515 2396 1692 2460 unde
1729 2396 2005 2480 profecti
2048 2404 2256 2475 erant,
2287 2397 2505 2463 referri
2532 2400 2729 2481 signa
2744 2400 2981 2486 jubent,

806 2502 1212 2585 nuntiosque
1243 2498 1326 2564 de
1355 2506 1536 2566 statu
1565 2499 1879 2584 praesenti
1900 2499 2275 2584 Syracusas
2304 2500 2588 2565 mittunt.
2662 2502 2981 2567 Fraudcm

810 2622 1082 2689 quoque
1120 2604 1582 2689 Hippocrates
1627 2602 1845 2683 addit,
1888 2603 2225 2669 inclinatis
2252 2603 2339 2669 ad
2372 2623 2631 2670 omnem
2660 2606 2982 2690 suspicio-

805 2727 956 2772 nem
981 2708 1220 2773 animis
1246 2727 1265 2788 3
1311 2714 1406 2786 et,
1450 2705 1869 2772 Cretensium
1899 2706 2299 2791 quibusdam
2330 2707 2415 2771 ad
2444 2708 2680 2774 itinera
2710 2709 2975 2774 insiden-

806 2810 898 2876 da
927 2808 1174 2889 missis,
1207 2810 1392 2874 velut
1419 2809 1829 2892 interceptas
1857 2809 2111 2887 literas,
2135 2829 2307 2894 quas
2332 2809 2476 2893 ipse
2504 2817 2975 2894 composuerat,

803 2913 1078 2979 recitat:
1125 2919 1146 2948 ‘
1177 2913 1518 2978 Praetores
1561 2912 1968 2996 Syracusani
1996 2912 2257 2978 consuli
2288 2909 2655 2978 Marcello.’
2744 2914 2974 2980 Secun-

859 3093 894 3140 Ι
927 3097 994 3146 Ui
1017 3093 1236 3158 judicari
1267 3103 1440 3160 penset,
1459 3111 1557 3146 em
1577 3098 1701 3159 quod
1720 3096 1815 3146 eibi
1834 3101 2065 3162 pratum
2082 3095 2179 3161 ipsi
2200 3097 2417 3147 timerent
2438 3097 2483 3146 ei
2502 3097 2711 3148 niter-ine
2722 3113 2975 3164 meneru-

802 3166 914 3212 mt
933 3163 985 3211 in
1007 3163 1194 3225 incepto
1213 3161 1451 3212 mundi
1473 3161 1835 3226 Hippocraten.

1715 3305 2079 3326 ”unoeoeoo

801 3407 1052 3470 Megaram
1077 3406 1216 3469 conj.
1237 3405 1290 3457 J.
1313 3407 1369 3457 F.
1393 3406 1723 3457 oronam—s
1756 3405 1842 3458 Al.
1874 3407 2003 3456 inter
2024 3405 2241 3456 mm·-
2268 3405 2571 3456 mila—9
2600 3404 2975 3472 Amatoria-que

800 3473 937 3588 Εόιῗῡ
961 3473 1150 3586 1⁸:1⁰uno
1173 3536 1277 3587 Me.
1295 3550 1412 3592 esse,
1433 3549 1536 3586 non
1559 3535 1779 3600 improb.
1802 3527 2004 3586 Stroth'.
2068 3535 2295 3585 Verbum
2318 3535 2481 3584 edesse
2511 3533 2563 3584 in
2592 3536 2735 3585 nullo
2766 3535 2824 3586 M
2827 3549 2971 3584 sssss

797 3609 896 3662 tat,
917 3603 1060 3666 prob.
1085 3601 1246 3651 Gron.
1269 3609 1326 3651 ut
1349 3601 1514 3650 intell.
1548 3617 1691 3650 mera
1712 3617 1879 3651 cum
1895 3603 2137 3650 eum—ll
2166 3600 2439 3662 Vinci-rique
2460 3601 2640 3649 catenis
2656 3601 2973 3664 Hippon-utem

798 3667 934 3720 Edu.
967 3673 1089 3716 ante
1127 3665 1360 3716 Gronov.
1426 3667 1548 3716 vid.
1585 3667 1714 3718 Not.
1746 3667 2008 3718 Van—12
2044 3665 2269 3716 Cretibue
2306 3679 2403 3730 pro
2442 3665 2745 3716 Cretensibus
2779 3665 2970 3715 edidere

1786 3809 1999 3859 No'rAE

793 3919 918 3956 rone
941 3920 1038 3956 avo
1061 3905 1386 3971 Hieronymi,
1419 3913 1578 3972 atque
1601 3905 1667 3955 ab
1692 3907 1851 3955 eoin·
1935 3903 2141 3954 fueraut
2178 3903 2241 3955 ad
2280 3905 2642 3956 Trasimenum
2684 3905 2747 3956 ab
2792 3900 2969 3954 Hanni·

794 3992 876 4034 ter
899 3984 1090 4034 auxilia
1129 3984 1270 4034 missi
1308 3983 1374 4035 ad
1411 3985 1690 4048 Romanos,
1712 3983 1853 4048 capti
1935 3981 2071 4046 bale,
2096 3997 2156 4033 ac
2179 3983 2389 4034 dimissi.
