3300 5225
757 516 928 585 1614

741 1562 1053 1637 rahans.

749 2235 1050 2304 Eutropdnr.

737 2821 1051 2884 ‚Orosanlm

744 2887 1044 2966 Aug-deei's

797 2969 954 3012 eum.
973 2961 1047 3006 18.

742 3409 885 3461 Oros.

773 3898 887 3947 Vel.
907 3897 1043 3950 Mox.

739 3977 779 4015 1.
801 3969 852 4015 4.
871 3967 922 4014 ⁴.

1723 534 1791 585 r.
1822 536 2029 609 ⁴mvn

1076 685 1226 752 tum,
1253 678 1374 740 vim
1397 679 1673 753 hostium,
1692 680 1975 763 impetum
1998 679 2273 754 fortunoe,
2299 679 2543 743 toedium
2570 680 2807 755 laboris,
2828 702 2982 765 pau-

1076 784 1364 857 pertatem
1405 777 1596 838 aerarii
1638 778 1769 859 pari
1816 778 2103 859 patientia
2140 778 2415 841 sustinuit
2452 780 2732 861 vicitque.
2822 780 2985 842 Post

1076 872 1206 933 hoec
1231 872 1312 933 ud
1334 893 1427 935 res
1451 873 1682 935 Siciliae
1706 875 2143 936 constituendas
2171 875 2246 937 C.
2270 877 2509 938 Lutatio
2536 876 2781 949 Catulo,
2806 877 2983 956 cujus

1077 988 1266 1031 annus
1292 972 1426 1050 jam
1462 971 1711 1044 exierat,
1738 981 2115 1055 prorogatum
2154 974 2461 1055 imperium
2496 982 2605 1035 est.
2684 974 2783 1033 Ex
2812 974 2985 1035 novis

1075 1066 1416 1128 consulibus
1447 1067 1656 1129 eodem
1692 1070 1897 1129 missus
1922 1069 2007 1137 Q.
2036 1070 2305 1131 Lutatius
2331 1070 2409 1131 C.
2439 1071 2512 1131 F.
2542 1070 2619 1133 C.
2642 1069 2735 1133 N.
2762 1070 2981 1144 Cerco,

1079 1162 1287 1225 Camli
1313 1164 1514 1238 frater,
1542 1165 1628 1225 A.
1660 1165 1878 1228 Manlii
1903 1166 1979 1228 T.
2008 1166 2081 1227 F.
2108 1165 2184 1228 Τ.
2212 1167 2302 1228 N.
2328 1166 2610 1248 collega!

1155 1266 1258 1322 63.
1303 1260 1398 1322 Hi
1450 1262 1809 1343 provinciam
1858 1262 2223 1335 ordinarunt,
2276 1266 2653 1346 quietamque
2701 1264 2981 1327 reddide-

1077 1366 1232 1430 runt,
1259 1359 1528 1419 omnibus
1553 1361 1851 1422 turbarum
1876 1362 2092 1431 causis,
2120 1382 2255 1442 quae
2280 1370 2349 1422 ut
2372 1383 2450 1424 ex
2478 1370 2645 1423 tanto
2668 1372 2831 1422 motu
2860 1382 2981 1424 non

1077 1474 1284 1537 paucae
1308 1466 1669 1537 supererant,
1706 1458 1943 1519 abolitis
1972 1460 2345 1540 resectisque.
2431 1460 2599 1521 Nam
2632 1468 2695 1520 et
2736 1459 2981 1534 Siculis,

1075 1552 1178 1633 qui
1217 1572 1351 1613 cum
1388 1552 1739 1615 Hamilcare
1778 1565 2095 1628 senserant,
2122 1565 2186 1618 et
2210 1556 2428 1629 Gallis,
2454 1558 2559 1639 qui
2586 1558 2665 1618 ab
2690 1578 2761 1618 eo
2786 1556 2981 1619 desci-

1073 1658 1303 1721 verant,
1336 1670 1500 1710 erma
1539 1650 1796 1713 ademta.
1882 1651 2053 1713 Gaui
2094 1654 2345 1715 navibus
2386 1654 2664 1736 impositi,
2704 1664 2769 1715 et
2806 1664 2983 1717 extra

1074 1745 1280 1828 populi
1329 1746 1592 1808 Romani
1637 1749 1923 1812 ditionem
1968 1750 2129 1810 abire
2165 1752 2342 1831 jussi,
2388 1752 2548 1832 quod
2594 1760 2809 1833 praeter
2858 1752 2981 1813 alia

1073 1841 1358 1917 facinora,
1381 1865 1515 1905 cum
1555 1845 1616 1905 in
1656 1846 1927 1928 praesidio
1966 1847 2180 1909 montis
2216 1848 2427 1929 Erycis
2450 1857 2665 1920 essent,
2690 1849 2979 1931 templum

1076 1940 1330 2003 Veneris
1377 1943 1797 2025 spoliaverant.
1896 1943 2119 2005 Siciliae
2169 1967 2309 2008 vero
2360 1946 2603 2006 urbibus
2648 1947 2873 2008 tributa
2916 1956 2983 2009 et

1073 2040 1330 2120 portoria
1367 2050 1504 2101 sunt
1543 2041 1837 2123 imposita,
1866 2064 1973 2124 pro
2006 2042 2389 2105 facultatibus
2413 2042 2805 2123 singularum:
2849 2044 2978 2106 fac·

1073 2145 1252 2218 taque
1299 2138 1619 2219 provincia,
1658 2160 1779 2220 quo
1816 2148 2032 2221 proetor
2069 2161 2205 2200 cum
2246 2140 2492 2223 imperio
2534 2160 2729 2203 annuo
2774 2142 2981 2205 Roma

1073 2235 1417 2296 mitteretur.
1501 2236 1752 2297 Affuere
1790 2237 2011 2298 interea
2054 2237 2271 2299 Romae
2309 2238 2629 2299 Poenorum
2666 2238 2847 2319 leg-ati
2874 2262 2979 2322 pe-

1071 2338 1285 2405 tentes,
1315 2342 1384 2393 ut
1415 2332 1525 2393 sibi
1559 2335 1829 2415 captivos
1867 2354 2004 2395 suos
2044 2334 2325 2396 redimere
2366 2334 2603 2396 liceret:
2646 2335 2978 2418 redditique

1069 2438 1208 2491 sunt
1239 2430 1741 2491 senatusconsulto
1769 2432 1971 2510 gratis,
1999 2439 2291 2513 quotquot
2314 2432 2581 2493 custodia
2606 2432 2849 2514 publica
2882 2444 2975 2497 at·

1071 2527 1442 2589 tinebantur:
1495 2528 1598 2607 qui
1649 2528 1709 2587 in
1762 2528 2123 2609 privatorum
2172 2549 2353 2589 manu
2404 2538 2617 2601 essent,
2664 2551 2767 2590 eos
2814 2540 2979 2593 certa

1071 2626 1320 2708 pecunia
1361 2625 1568 2686 redimi
1603 2625 1851 2708 placuit,
1877 2627 2046 2706 cujus
2070 2647 2209 2709 pars
2231 2629 2421 2708 major
2438 2630 2607 2708 jussu
2634 2638 2873 2690 senatus
2896 2650 2976 2691 ex

1071 2724 1280 2785 aerario
1303 2721 1498 2784 soluta
1521 2732 1628 2784 est.

1151 2827 1255 2884 64.
1301 2820 1396 2881 At
1449 2819 1713 2882 Romani
1764 2820 1967 2903 populi
2019 2819 2287 2882 laetitiam
2338 2821 2515 2884 valde
2566 2823 2981 2886 imminuerunt

1072 2938 1280 2997 graves
1317 2919 1376 2978 in
1417 2919 1560 2979 urbe
1601 2939 1791 2981 casus.
1872 2917 1915 2979 J
1918 2939 2015 2979 am
2054 2919 2303 3000 primum
2335 2918 2566 2981 Tiberis
2601 2922 2789 2982 amnis
2822 2920 2977 2984 ultra

1071 3015 1307 3076 solitum
1353 3023 1580 3086 auctus,
1621 3015 1743 3076 late
1782 3015 2189 3095 stagnantibus
2230 3018 2419 3098 aquis,
2465 3018 2663 3078 omnia
2702 3017 2977 3080 inferiora

1069 3113 1229 3173 urbis
1265 3111 1398 3174 loca
1438 3111 1705 3194 replevit.
1790 3113 1989 3174 Multa
2022 3121 2145 3173 tum
2172 3112 2427 3175 aedificia
2451 3115 2638 3196 primo
2662 3115 2977 3178 allubentia

1071 3208 1291 3293 impetu
1336 3219 1628 3292 prosu-atu
1664 3218 1835 3272 sunt:
1882 3219 1947 3271 et
1982 3211 2195 3292 quibus
2234 3212 2347 3273 ista
2388 3213 2569 3294 pestis
2610 3223 2971 3295 pepercerat,

1067 3309 1266 3368 exesis
1303 3307 1518 3368 sensim
1557 3306 1953 3369 fundamentis
1991 3310 2127 3390 (per
2164 3305 2382 3370 multos
2418 3310 2575 3370 enim
2608 3309 2735 3370 dies
2770 3311 2977 3372 isthaec

1068 3404 1374 3466 inundatio
1415 3404 1631 3484 tenuit)
1660 3404 1967 3466 recedente
1983 3407 2117 3484 jam
2151 3426 2311 3487 aqua
2333 3407 2543 3468 vitium
2566 3407 2777 3468 fecere.
2862 3408 2974 3470 Se·

1065 3510 1267 3563 cutum
1291 3511 1381 3563 est
1406 3502 1560 3564 hanc
1585 3502 1984 3563 calamitatem
2011 3504 2247 3582 gravius
2273 3523 2352 3564 ex
2380 3504 2513 3584 igne
2542 3503 2843 3579 damnum,
2870 3507 2975 3587 qui

1070 3608 1248 3660 noctu
1295 3608 1515 3660 temere
1553 3607 1739 3672 ortus,
1764 3599 2095 3680 multasque
2130 3601 2287 3661 urbis
2311 3602 2573 3681 regiones
2598 3611 2973 3684 pervagatus,

1071 3697 1380 3758 domorum
1429 3696 1851 3779 hominumque
1914 3697 2315 3760 incredibilem
2379 3717 2681 3760 numerum
2738 3701 2972 3763 hausit:

1075 3813 1268 3874 neque
1307 3794 1553 3874 privatis
1590 3793 1861 3856 cladibus
1898 3803 2228 3868 contentus,
2254 3797 2455 3858 omnia
2492 3797 2553 3856 in
2578 3797 2823 3859 circuitu
2861 3800 2973 3861 fori

1067 3890 1422 3953 devastavit.
1504 3889 1614 3952 Ad
1654 3902 1979 3956 extremum
2020 3894 2149 3976 ipsa
2186 3916 2421 3977 quoque
2462 3897 2621 3958 mdes
2645 3897 2853 3960 Vestae
2878 3919 2971 3961 ar-

1069 3988 1209 4051 dere
1255 3990 1453 4069 eoepit.
1534 3988 1689 4054 Tum
1735 4010 1877 4052 vero
1919 3990 1991 4052 1..
2034 3991 2314 4054 Caecilius
2354 3993 2621 4074 pontifex
2658 3997 2973 4072 maximus,

1065 4105 1234 4147 sacra
1271 4085 1477 4167 populi
1505 4085 1771 4148 Romani
1796 4096 1861 4148 et
1884 4108 2099 4149 arcana
2128 4090 2359 4171 imperii
2384 4093 2629 4174 pignora
2652 4093 2971 4174 periclitari

1063 4183 1289 4258 videus,
1316 4183 1560 4264 dignum
1586 4182 1723 4246 loco
1758 4205 1865 4247 suo
1890 4186 2148 4247 animum
2175 4188 2370 4268 gessit.
2452 4187 2523 4250 N
2526 4209 2623 4251 am
2652 4191 2713 4251 in
2746 4191 2973 4256 medios

1449 4441 1480 4476 ι·
1513 4430 1578 4484 Α.
1604 4433 1671 4486 U.
1695 4435 1757 4485 c.
1782 4438 1897 4485 ⁶11.
1935 4433 2001 4486 A.
2024 4435 2085 4487 c.
2108 4439 2225 4487 241.
