3300 5225
701 26 876 93 1996
1625 36 1697 84 τ.
1744 34 1936 83 mvn
1993 53 2001 72 ·

697 191 871 255 inter
913 185 1182 252 dolores
1226 182 1645 268 gemitusque
1697 173 2090 244 occurrere?
2177 173 2481 240 Maxime
2527 171 2752 238 animo
2790 178 2914 255 ty-

697 291 888 357 ranni
932 286 1246 353 credibile
1291 284 1612 350 indicium
1640 281 1905 346 Thraso
1936 276 2306 344 nominatus
2352 276 2532 341 fecit.
2624 274 2738 340 Ita
2771 293 2911 337 ex-

698 392 954 477 templo
986 391 1262 456 traditur
1285 387 1335 427 ¹⁸
1375 386 1463 451 ad
1504 383 1957 470 supplicium:
2004 381 2377 467 adjectique
2418 398 2641 463 poenoe
2686 375 2911 441 ceteri

690 496 892 583 juxta
918 495 1278 570 insontes-¹¹·
1362 487 1813 555 Consciorum
1842 504 2066 563 nemo,
2109 502 2265 549 cum
2302 482 2423 547 diu
2466 481 2699 546 socius
2728 498 2913 545 con-

702 598 838 664 silii
869 602 1300 681 torqueretur,
1336 599 1456 657 aut
1490 589 1706 666 latuit,
1745 594 1863 653 aut
1896 586 2088 671 fugit.
2172 586 2463 650 Tantum
2502 585 2635 648 inis
2661 588 2729 648 in
2761 583 2916 647 vir-

702 706 849 766 tute
871 718 952 764 ac
973 697 1106 762 fide
1127 694 1465 761 Theodoti
1486 691 1759 757 fiduciae
1778 691 1938 755 fuit:
1971 692 2360 772 tantumque
2383 687 2518 771 ipsi
2538 685 2913 751 Theodoto

702 804 944 870 virium
974 799 1061 866 ad
1091 816 1338 863 arcana
1367 793 1795 862 occultanda.
2085 817 2100 839 ι

789 906 866 970 6.“
901 903 1033 981 Ita,
1086 899 1263 985 quod
1297 918 1497 963 unum
1547 895 1890 961 vinculum
1914 904 1967 947 ¹⁹
2008 914 2161 961 cum
2192 892 2523 960 Romanis
2553 890 2918 955 societatis

705 1013 864 1084 erat,
901 1006 1244 1071 Thrasone
1284 1001 1554 1067 sublato
1587 1019 1626 1064 e
1667 999 1940 1077 medio:
1986 997 2325 1082 extemplo
2357 993 2537 1060 haud
2580 992 2919 1090 dubie-ad

706 1109 1141 1174 defectionem
1158 1126 1263 1170 res
1282 1104 1678 1188 spectabat3
1705 1103 2043 1185 legatique
2065 1098 2153 1165 ad
2178 1097 2627 1163 Hannibalem
2653 1096 2921 1171 missi:

707 1231 791 1276 ac
821 1209 1084 1277 remissi
1113 1208 1201 1273 ab
1229 1227 1315 1272 eo
1341 1225 1491 1273 cum
1515 1205 1931 1283 Hannibale,
1963 1203 2176 1269 nobili
2204 1195 2684 1277 adolescente‚‘¹
2723 1197 2920 1281 Hip-

774 1385 814 1410 ·
851 1375 1043 1439 Reliqua·
1063 1388 1194 1438 «ειμι
1211 1372 1399 1421 innoxii
1418 1372 1576 1421 addita·
1595 1376 1709 1421 unt
1734 1367 1983 1427 strenui,
2002 1372 2051 1418 et
2073 1367 2301 1431 supplicio
2321 1365 2504 1428 pariter
2523 1361 2722 1411 addicti.

773 1448 804 1475 ¹¹
833 1441 1028 1490 Menae
1051 1440 1307 1489 Πινωοηε,
1333 1437 1467 1498 :qius
1485 1437 1631 1487 solim
1649 1449 1793 1500 opera
1828 1436 1956 1485 vetut
1987 1434 2174 1484 vincalo
2200 1433 2402 1496 quoda
2429 1428 2685 1478 0010ch
2706 1415 2924 1476 uetera

712 1508 1119 1573 Syracusanorum
1137 1518 1246 1553 cam
1267 1502 1514 1552 Romanis.

1631 1627 1993 1651 “OOOOOOOOOO

713 1758 918 1810 absunt.
983 1761 1002 1789 ‘
1023 1760 1150 1811 Tria
1186 1761 1302 1809 hanc
1338 1757 1498 1808 verba
1533 1757 1646 1807 inde
1677 1771 1757 1807 ees
1794 1757 2004 1806 amant
2037 1756 2223 1807 absunt
2241 1756 2305 1806 ab
2329 1752 2464 1805 Edd.
2490 1759 2709 1805 recentt.
2732 1751 2868 1801 inde
2890 1767 2929 1802 a

715 1826 880 1877 Gron.
901 1835 956 1876 et
977 1826 1209 1876 omnibns
1227 1838 1354 1888 qnos
1375 1824 1606 1873 novimus
1630 1823 1761 1872 Mss.
1828 1823 1957 1873 Cum
1981 1832 2153 1872 antem
2179 1837 2280 1871 non
2316 1836 2380 1870 ex
2403 1820 2703 1882 conjectura
2726 1820 2930 1873 Valle.

715 1900 774 1939 nt
809 1894 928 1946 alia,
966 1892 1094 1951 sint,
1125 1889 1371 1954 credique
1403 1887 1483 1938 fas
1504 1890 1571 1938 sit
1593 1886 1863 1937 Editiones
1889 1887 2152 1951 principes
2174 1903 2240 1937 ea
2261 1904 2326 1937 ex
2349 1888 2478 1935 Μαι.
2497 1884 2743 1939 hausisse,
2765 1883 2929 1931 deni-

714 1970 816 2020 qne
839 1957 1098 2006 sententia
1115 1956 1200 2004 vix
1217 1962 1358 2004 stare
1381 1956 1563 2018 possit,
1579 1954 1949 2016 verborumque
1965 1953 2075 2002 sine
2091 1952 2169 2002 his
2186 1952 2503 2003 constructio
2520 1949 2931 2013 impeditissima

718 2021 808 2081 sit,
830 2036 891 2071 ea
915 2019 1153 2070 servavi?
1187 2019 1501 2068 Stroth—18
1534 2017 1688 2068 Con‘.
1713 2017 1888 2067 Bauer
1909 2018 2138 2068 nahum

781 2090 847 2137 19
881 2086 1050 2150 Itaque
1069 2086 1191 2150 qaod
1209 2100 1342 2134 omae
1361 2083 1598 2133 vinulam
1676 2096 1851 2132 ronov.
1915 2083 2087 2146 Itaque
2118 2082 2279 2132 etiam
2301 2080 2351 2130 in
2378 2079 2513 2131 Edd.
2533 2084 2651 2130 ante
2673 2078 2931 2129 GronoV.

1711 2195 1926 2248 ⁸0¹1*AE

719 2296 938 2361 manni]
986 2292 1433 2348 Quemadmodum
1478 2308 1509 2343 a
1553 2290 1774 2354 pedibus
1854 2307 2069 2343 rannum
2099 2299 2160 2344 ut
2194 2308 2370 2345 verum
2405 2292 2643 2343 crederet
2679 2291 2807 2341 torti
2847 2293 2936 2343 in·

720 2372 873 2423 alicui
899 2386 1014 2421 esse
1036 2370 1285 2420 dicuntur
1305 2369 1621 2433 pedissequi,
1658 2376 1713 2418 et
1746 2382 1777 2415 a
1857 2370 2067 2431 dicium,
2100 2370 2189 2420 nbi
2218 2371 2531 2420 Thrasonem
2552 2369 2806 2418 nominari
2834 2384 2938 2419 au-

718 2448 938 2497 secretis
959 2447 1144 2512 quibus
1170 2451 1376 2495 secreta
1408 2444 1618 2508 negotia
1639 2459 1779 2494 com·
1858 2447 2009 2496 divit.

721 2527 1036 2585 mittuntur3
1069 2525 1139 2573 ita
1171 2539 1204 2574 a
1234 2524 1387 2573 latere
1409 2520 1671 2577 dicuntur,
1693 2522 1781 2585 qni

721 2600 1042 2666 principibus
1065 2598 1340 2650 familiares
1355 2614 1598 2650 eorumve
1621 2600 1781 2649 satel-

722 2677 862 2726 lites.
915 2676 1089 2739 Vulgo
1114 2676 1194 2725 hic
1215 2675 1415 2725 editum
1437 2683 1533 2730 est,
1554 2675 1616 2724 ab
1636 2677 1784 2727 tatere

721 2752 833 2801 inde
852 2767 931 2801 eos
964 2752 1175 2801 nominat
1211 2751 1419 2814 tyranni.
1483 2751 1587 2801 Sed
1626 2752 1785 2801 verba

722 2828 835 2877 inde
856 2842 935 2877 eos
969 2827 1179 2877 nominat
1216 2826 1406 2877 absunt
1450 2843 1485 2878 a
1522 2829 1785 2893 plerisque

723 2902 888 2953 libris.
953 2904 1021 2953 Et
1052 2904 1360 2967 interposita
1392 2905 1689 2968 parenthesi
1726 2904 1788 2971 (a

725 2994 855 3029 voce
895 2979 1125 3030 indicina
1166 2979 1229 3028 ad
1272 2981 1492 3042 ausuros)
1562 2980 1785 3046 intelligi

725 3063 906 3122 potest
943 3056 1238 3106 Theodotus
1271 3056 1517 3107 indicium
1539 3073 1571 3108 a
1608 3058 1787 3124 conju·

728 3135 859 3183 ratis
881 3133 1131 3183 avertisse
1154 3133 1218 3182 ad
1253 3134 1505 3193 insontes,
1525 3135 1613 3198 qui
1636 3141 1789 3185 erant

730 3215 796 3265 ab
820 3215 985 3277 latere
1011 3214 1234 3278 tyranni,
1256 3224 1312 3264 et
1329 3229 1455 3280 quos
1478 3215 1695 3279 perinde
1726 3231 1789 3266 ac

731 3299 1004 3356 tyrannum
1059 3292 1242 3342 oderat
1297 3293 1383 3356 qui
1427 3292 1786 3358 torquebatur.

730 3369 926 3416 Verum
948 3374 1004 3416 et
1025 3365 1158 3416 citra
1194 3367 1564 3431 parenthesim,
1600 3369 1677 3418 sic
1699 3383 1789 3418 ex·

733 3443 1013 3506 plicabitur
1035 3443 1117 3492 hic
1135 3445 1298 3501 locus,
1321 3444 1363 3493 si
1383 3443 1635 3509 dicamus,
1651 3445 1790 3495 inter

733 3535 824 3570 eos
846 3534 975 3584 quos
998 3533 1029 3568 e
1051 3533 1261 3570 numero
1283 3519 1684 3570 domesticorum
1710 3528 1789 3585 ty-

733 3595 1208 3659 ranni,Theodotus
1231 3595 1462 3659 fingebat
1482 3597 1795 3660 conjurasse,

736 3679 794 3722 et
834 3686 1049 3737 qnorum
1084 3671 1292 3721 nomina
1332 3679 1575 3737 tanquam
1613 3672 1792 3722 vilissi-

734 3763 932 3799 morum
954 3749 1182 3812 capitum
1204 3749 1252 3798 ei
1275 3747 1621 3798 occurrebant
1657 3750 1793 3799 inter

737 3833 1017 3891 tormenta,
1059 3827 1281 3877 maxime
1322 3835 1516 3878 motum
1558 3840 1675 3877 esse
1720 3835 1797 3891 ty·

1924 2522 1949 2558 ὓ
1985 2523 2195 2579 Quorum
2231 2523 2936 2587 &newton-ocem·-

1861 2601 1988 2666 rere]
2014 2600 2061 2652 N
2067 2617 2133 2651 on
2156 2601 2284 2652 dicit
2298 2603 2388 2651 hos
2409 2602 2640 2652 homines
2660 2600 2935 2652 vilissima

1864 2693 2045 2728 revera
2078 2679 2387 2728 conditionis
2420 2677 2598 2741 fnisse,
2622 2677 2712 2726 sed
2739 2679 2936 2727 vilissi-

1864 2769 1948 2804 ma
1966 2753 2150 2802 habita
2171 2753 2327 2803 fuisse
2352 2755 2518 2804 innuit
2540 2752 2695 2804 indici
2709 2769 2775 2802 ex
2799 2755 2932 2804 odio

1866 2831 2074 2896 tyranni
2120 2830 2486 2896 vitiorumque,
2525 2833 2712 2896 quihus
2752 2832 2930 2896 ipsum

1866 2907 2184 2959 imbuebant.

1929 2993 1952 3019 ⁰
1999 2985 2265 3048 Legatique
2301 2986 2367 3035 ad
2409 2985 2728 3036 Hannibales·
2766 2986 2935 3051 nissi]

1867 3060 1943 3111 Hi
1978 3062 2160 3124 legati,
2182 3061 2249 3109 ab
2281 3057 2603 3124 Hieronymo
2627 3061 2691 3109 ad
2726 3061 2936 3111 Hanni-

1871 3137 2039 3187 balem
2063 3136 2223 3197 missi,
2257 3135 2403 3186 fuere
2441 3138 2735 3201 Polyclitus
2766 3139 2932 3201 cyre-

1868 3226 2012 3262 naeus
2053 3219 2110 3261 et
2151 3210 2483 3262 Philodemus
2527 3211 2785 3276 Argivus:
2836 3213 2930 3277 qni

1869 3287 2018 3338 ambo
2054 3297 2406 3339 memorantur
2442 3302 2473 3337 a
2510 3289 2626 3340 Ην.
2662 3289 2757 3340 lib.
2794 3303 2932 3340 xxv.

1868 3381 1917 3416 c.
1936 3370 2019 3416 25.
2375 3385 2379 3388 ⁴

1931 3442 1957 3478 δ
1992 3444 2115 3492 Cum
2136 3442 2431 3503 Hannibale,
2448 3441 2597 3492 nobili
2613 3441 2933 3507 adolescente]

1870 3509 1945 3570 Hi
1968 3533 2070 3568 non
2102 3519 2166 3569 ab
2201 3519 2522 3581 Hieronymo
2557 3518 2624 3567 ad
2663 3518 2935 3570 Hanniba-

1871 3596 1975 3646 lem
1998 3597 2156 3651 missi,
2178 3603 2237 3645 ut
2258 3607 2507 3645 censuere
2521 3595 2666 3644 Glar.
2679 3601 2735 3644 et
2751 3596 2935 3660 Sigon.

1874 3672 1969 3722 sed
2010 3671 2440 3736 quemadmodum
2496 3680 2641 3721 recte
2698 3671 2939 3722 Gronov.

1874 3749 2137 3812 observat,
2159 3750 2227 3799 ab
2253 3747 2546 3798 Hannibale
2569 3748 2712 3797 missi
2735 3749 2801 3797 ad
2835 3749 2938 3798 Hi·

1876 3839 2200 3891 eronymum,
2238 3825 2375 3891 qnod
2410 3838 2478 3874 ex
2517 3823 2739 3888 Polybio
2769 3831 2941 3890 patet.
