3300 5225
798 459 971 527 1810
1750 476 1821 524 τ.
1871 473 2058 524 mvn

802 639 1041 686 norum
1092 620 1303 704 gratia
1351 618 1479 686 ruit
1527 619 1599 686 in
1657 640 1728 686 re
1773 620 1952 706 pari,
2003 637 2209 704 qnam
2261 623 2516 704 quanta
2561 615 2788 684 futura
2833 616 2998 684 Car-

802 723 1313 806 thaginiensium
1352 723 1585 788 fuerat.
1677 721 1844 788 Illos
1891 723 2092 800 enim,
2133 739 2370 804 graves
2410 719 2883 806 superbosque
2925 721 2995 786 in

798 826 999 891 rebus
1030 824 1345 891 secundis
1374 831 1724 910 expertos,
1769 825 2039 890 fortuna
2067 832 2142 889 et
2169 824 2366 891 timor
2407 823 2752 907 mitigasse
2783 822 2998 887 videri

801 933 1091 1012 poterat.
1200 927 1553 992 Romanus
1602 927 1818 1010 primo
1871 925 2178 1004 adventu,
2237 926 2620 1008 incognitus
2671 929 2850 1004 ante,
2908 924 2996 990 ab

799 1049 871 1096 re
930 1031 1245 1096 clementi
1301 1029 1699 1114 liberalique
1753 1029 2007 1095 initium
2057 1030 2360 1094 fecerat:
2427 1034 2492 1093 et
2549 1026 2848 1105 Abelux,
2898 1027 3000 1093 vir
3095 1083 3100 1088 ,

798 1131 1107 1216 prudens,
1151 1132 1325 1198 haud
1371 1130 1623 1198 frustra
1669 1131 2019 1197 videbatur
2058 1129 2286 1196 socios
2341 1137 2657 1195 mutasse.
2753 1129 3000 1215 Itaque

798 1232 1049 1317 ingenti
1102 1253 1437 1300 consensu
1489 1232 1934 1298 desectionem
1963 1231 2014 1271 ¹⁸
2077 1251 2310 1297 omnes
2369 1237 2723 1315 spectare:
2777 1251 2994 1296 arma-

799 1356 933 1420 que
988 1338 1329 1422 extemplo
1392 1343 1582 1401 mota
1644 1335 1882 1414 forent,
1951 1336 2021 1400 ni
2084 1335 2342 1420 hyems,
2419 1353 2575 1418 qnae
2643 1333 2996 1400 Romanos

798 1457 1067 1523 quoque
1114 1446 1181 1506 et
1224 1437 1800 1522 Carthaginienses
1847 1437 2208 1504 concedere
2254 1439 2326 1503 in
2378 1445 2560 1504 tecta
2603 1435 2853 1522 coegit,
2897 1438 2998 1502 in·

800 1542 1219 1607 tervenisset.

884 1643 991 1709 23.
1037 1642 1223 1709 Haec
1268 1644 1337 1708 in
1390 1642 1737 1728 Hispania
1788 1660 2064 1728 quoque
2115 1641 2418 1709 secunda
2468 1649 2710 1709 aestate
2752 1643 2994 1709 Punici

798 1743 959 1809 belli
1016 1750 1231 1827 gesta,
1292 1764 1444 1810 cum
1502 1745 1571 1809 in
1632 1743 1839 1810 Italia
1887 1744 2161 1828 paulum
2185 1753 2237 1796 ¹⁹
2293 1745 2628 1811 intervalli
2681 1746 2994 1812 cladibus

801 1845 1137 1912 Romanis
1168 1847 1381 1914 solers
1409 1846 1742 1913 cunctatio
1775 1846 1978 1912 Fabii
2001 1847 2291 1912 fecisset.
2382 1845 2562 1926 Quae
2606 1855 2689 1912 nt
2733 1847 2996 1914 Hanni·

797 1948 1023 2015 balem
1050 1969 1183 2015 non
1210 1949 1529 2014 mediocri
1574 1949 1920 2015 solicitum
1967 1971 2126 2016 cura
2161 1950 2487 2030 habebat,
2535 1950 2813 2016 tandem
2843 1970 2995 2018 eum

797 2052 1057 2119 militiae
1084 2053 1472 2136 magistrum
1504 2051 1836 2134 delegisse
1870 2051 2220 2118 Romanos
2259 2059 2659 2131 cernentem,
2700 2053 2818 2136 qui
2849 2051 2992 2117 bel·

797 2155 937 2220 lum
968 2157 1235 2234 ratione,
1282 2174 1411 2220 non
1449 2154 1740 2234 fortuna,
1787 2164 2087 2239 gereret3
2133 2157 2230 2222 ita
2259 2161 2600 2222 contemta
2643 2162 2785 2220 erat
2823 2155 2996 2220 inter

799 2258 1009 2336 οἰνος,
1058 2266 1351 2324 armatos
1392 2259 1641 2342 pariter
1684 2263 2118 2344 togatosqne;
2161 2260 2396 2343 utique
2441 2253 2827 2343 postquam,
2878 2258 2996 2322 ab·

798 2365 983 2425 sente
1010 2379 1113 2438 eo,
1141 2359 1513 2425 temeritate
1540 2360 1834 2444 magistri
1863 2362 2182 2446 equitum,
2209 2360 2366 2425 laeto
2392 2361 2610 2426 verius
2632 2359 2999 2439 dixerim,²⁰

798 2480 1002 2546 quam
1052 2481 1377 2547 prospero
1436 2468 1738 2541 eventu,⁸
1795 2469 2162 2547 pugnatum
2211 2463 2452 2529 fuerat.
2543 2461 3000 2529 Accesserant

799 2565 955 2631 duae
1002 2585 1108 2631 res
1148 2563 1237 2630 ad
1286 2565 1662 2649 augendam
1705 2565 2024 2632 invidiam
2057 2565 2444 2633 dictatoris:
2493 2584 2626 2632 una
2651 2563 2888 2631 fraude
2915 2584 2998 2631 ac

796 2665 959 2731 dolo
998 2667 1424 2748 Hannibalis,
1473 2667 1682 2752 quod,
1725 2687 1883 2735 cnm
1912 2687 1957 2734 a
1983 2668 2279 2754 perfugis
2307 2670 2373 2733 ei
2402 2674 2812 2735 monstratus
2841 2688 3001 2753 ager

797 2767 1148 2835 dictatoris
1196 2776 1402 2847 esset,
1448 2769 1768 2835 omnibus
1815 2769 1998 2835 circa
2040 2771 2192 2837 solo
2233 2772 2552 2856 aequam,
2605 2771 2692 2835 ab
2738 2790 2873 2837 uno
2913 2790 3000 2836 eo

794 2869 1037 2937 sermm
1064 2871 1413 2957 ignemque
1440 2878 1511 2938 ct
1540 2873 1678 2937 vim
1706 2891 1966 2940 omnem
1993 2872 2286 2938 hostium
2330 2874 2648 2939 abstineri
2669 2874 2900 2959 jussit,
2927 2879 3004 2938 nt

796 2973 1045 3039 occulti
1071 2973 1357 3061 alicujus
1386 2974 1567 3060 pacti
1600 2994 1684 3041 ea
1712 2994 1966 3041 merces
1988 2974 2204 3042 videri
2235 2982 2509 3061 posset:
2541 2976 2754 3041 altera
2782 2976 3003 3059 ipsius

794 3073 1005 3156 sacto,
1051 3076 1267 3162 primo
1296 3078 1575 3144 forsitan
1614 3076 1850 3156 dubio,
1891 3080 2052 3164 quia
2079 3098 2212 3143 non
2239 3084 2602 3163 expectata
2645 3078 2717 3142 in
2765 3099 2854 3147 eo
2898 3098 3003 3143 se—

1718 3259 2048 3282 OOOOOM

793 3394 885 3443 quo
916 3391 991 3427 tc.
1015 3381 1135 3427 acta
1154 3375 1367 3443 fuerint,
1386 3378 1432 3428 ni
1458 3378 1521 3429 C.
1545 3393 1596 3428 ιι.
1616 3392 1696 3429 m
1715 3376 1821 3444 (ita
1843 3392 1974 3428 nnus
1993 3376 2126 3444 Ma.)
2149 3377 2408 3441 cmm:
2442 3379 2664 3445 Rupert.
2666 3384 2800 3431 —18
2834 3379 2920 3433 ΑΙ.
2941 3385 3006 3433 aa

798 3444 1217 3559 “gemtum
1252 3506 1388 3559 Edd.
1414 3514 1537 3559 ante
1574 3508 1722 3559 Drak
1727 3512 1876 3560 .-2⁰
1908 3507 2048 3559 oum
2079 3509 2376 3573 legebatur,
2397 3510 2582 3560 latona
2602 3510 3004 3563 “rimatus-in.

1795 3638 2012 3690 NOTAE

795 3763 899 3816 qua
936 3763 1053 3801 cnm
1097 3750 1321 3801 Bostare
1360 3756 1712 3803 convenerat:
1766 3750 1860 3803 aed
1940 3752 2724 3820 prosperamzfortunuminflexi
2747 3755 3005 3807 restituis-

796 3828 989 3879 redditi
1007 3829 1213 3879 nomine
1228 3829 1599 3894 Romanorum,
1616 3843 1718 3879 non
1733 3829 1860 3881 Car·
1941 3845 1998 3881 es
2017 3830 2258 3881 obsides·
2285 3845 2502 3897 qnorum
2521 3838 2794 3898 utrumqne
2811 3832 2864 3881 in
2883 3831 3005 3883 1²oe-

792 3906 1223 3972 tbaginieminm:
1258 3906 1336 3955 ita
1365 3912 1426 3955 nt
1456 3905 1622 3970 major
1659 3906 1861 3956 illorum
1941 3922 2034 3958 nos
2057 3906 2186 3957 eade
2191 3908 2299 3957 bat.

795 3982 935 4051 apud
954 3983 1217 4047 Hispanos
1236 3983 1409 4048 gratia
1429 3998 1496 4033 ex
1514 3984 1698 4035 eodem
1715 3983 1861 4035 facto
2004 3982 2186 4033 mato
2207 3983 2340 4033 ceu-in
2343 3998 2370 4033 ε
2387 3982 2614 4048 dixerim,
2632 4000 3006 4051 quta-prum

792 4062 1143 4129 faerit,qnam
1164 4064 1341 4113 horum
1361 4061 1583 4113 fuisset:
1619 4064 1741 4128 qnia
1758 4065 1860 4114 Ro·
1941 4060 2140 4124 wenta]
2195 4060 2370 4111 Minas
2417 4069 2500 4110 est
2537 4063 2660 4112 leto
2691 4078 2844 4126 qnam
2885 4077 3007 4128 pro-

796 4140 929 4190 mani
955 4154 1051 4189 nec
1084 4138 1323 4189 secundi·
1348 4139 1503 4189 rebus
1524 4141 1774 4191 molestos
1803 4154 1860 4189 se
1941 4153 2097 4202 spero
2137 4152 2199 4186 ev
2173 4145 2332 4187 ventu
2373 4152 2624 4203 pugnare.
2689 4138 2812 4189 Hoc
2865 4140 3004 4190 enim

794 4224 953 4283 atque
977 4224 1283 4281 arrogantes
1310 4216 1645 4281 prebuerant
1669 4216 1859 4280 Hispa·
1942 4217 2148 4281 plenam
2194 4214 2464 4265 victoriam
2521 4214 2819 4280 significat:
2875 4216 3003 4266 illud

796 4284 894 4356 nis‘,
925 4292 1067 4359 (cum
1106 4294 1331 4343 nondum
1366 4293 1443 4343 eis
1472 4292 1860 4359 imperamus)
1939 4305 2066 4341 vero
2081 4290 2258 4340 leviori
2275 4290 2766 4353 proliosnperatum
2783 4291 3007 4355 bostem,

796 4382 895 4420 nec
929 4368 1093 4420 videri
1131 4375 1377 4435 poterant
1414 4377 1559 4422 metu
1592 4371 1660 4423 ob
1691 4370 1857 4421 minus
1941 4384 2042 4420 non
2065 4366 2234 4418 fusum
2252 4365 2613 4433 fugatumque.
