3300 5225
741 430 918 501 1⁵98

747 1359 896 1411 Diod.

747 1826 918 1879 lonsr.

779 1892 886 1943 Cic.
901 1891 986 1942 ubi

749 1972 918 2021 supra:
951 1967 1004 2007 et

744 2022 860 2071 val.
879 2024 1020 2075 Mu.

749 2092 936 2203 1'gc-ns.
953 2153 1016 2201 de

748 2216 828 2265 die
843 2218 1015 2286 natali,

751 2296 798 2331 c.
820 2286 902 2333 17.

783 2544 913 2611 Aug.
935 2547 999 2596 dc

751 2608 859 2661 civ.
883 2613 999 2672 Del,

751 2691 836 2726 111.
855 2681 936 2727 18.

783 2741 912 2791 Plin.
936 2757 1026 2791 xv.

749 2809 800 2856 1.

1695 455 1766 506 Τ.
1814 458 2013 508 uvi}

1069 596 1178 669 ris,
1197 614 1376 677 quam
1417 616 1495 659 ex
1537 597 1671 660 loco
1714 598 2034 682 Erycinam
2076 610 2311 674 vocant,
2338 601 2511 683 longe
2550 602 2807 663 omnium
2832 616 2983 683 quar

1071 693 1132 753 in
1159 692 1370 755 Sicilia
1391 704 1528 757 sunt
1551 696 2011 777 opulentissimo.
2080 697 2209 759 Sub
2234 700 2421 780 ipsum
2443 699 2657 761 ‘deinde
2680 720 2975 759 cacumen

1069 788 1130 850 in
1171 789 1366 853 medio
1405 794 1618 853 montis
1660 795 1796 855 urbs
1834 804 1923 855 est
1946 796 2325 874 cognominis,
2350 816 2587 857 accessu
2613 795 2789 857 valde
2812 794 2973 855 diffi-

1067 885 1200 960 cili,
1235 888 1338 969 qui
1377 909 1418 948 a
1457 890 1754 952 radicibus
1794 892 2029 963 montis,
2074 912 2177 975 per
2220 892 2425 973 longas
2462 901 2526 953 et
2564 902 2841 973 angustas
2878 912 2975 951 se-

1069 986 1272 1059 mitas,
1309 994 1436 1045 nost
1471 986 1620 1047 citra
1664 987 1929 1049 laborem
1971 988 2301 1070 expeditur.
2403 989 2596 1068 Igitur
2642 988 2713 1051 L.
2756 987 2797 1047 J
2802 988 2975 1047 unius

1071 1079 1188 1141 loci
1230 1090 1444 1145 natura
1467 1094 1797 1165 perspecta,
1822 1094 1953 1145 tum
1972 1086 2030 1145 in
2056 1071 2284 1146 summo
2310 1087 2524 1147 montis
2537 1087 2711 1165 jugo,
2738 1095 2865 1145 tum
2908 1086 2975 1143 in

1069 1175 1344 1239 faucibus
1365 1200 1500 1260 quae
1529 1180 1813 1263 Drepana
1840 1190 2128 1264 spectant,
2155 1182 2433 1263 praesidia
2450 1183 2781 1254 constituit,
2808 1190 2975 1241 tutus

1071 1273 1228 1348 loco,
1253 1285 1336 1347 et,
1363 1276 1412 1335 si
1453 1266 1863 1350 inceseretur,
1881 1280 2005 1339 vim
2044 1280 2303 1339 bostium
2327 1278 2445 1341 levi
2470 1280 2705 1359 negotio
2728 1277 2972 1360 propul-

1071 1379 1331 1433 saturus:
1373 1372 1480 1434 sed
1502 1382 1566 1433 et
1589 1374 1981 1454 AEgithallum
2004 1395 2169 1437 muro
2192 1377 2409 1447 cinxit,
2426 1375 2799 1455 firmavitque
2818 1394 2973 1455 prae-

1069 1468 1308 1531 sidiaria
1331 1489 1510 1531 manu
1533 1470 1785 1532 militum
1812 1473 2293 1553 octingentorum.
2374 1472 2653 1533 ceterum
2679 1470 2977 1531 Carthalo

1071 1575 1248 1629 noctu
1267 1568 1549 1650 expositis
1567 1568 1650 1629 ibi
1670 1569 1855 1649 copiis
1870 1568 2177 1630 castellum
2194 1570 2589 1651 expugnavit:
2624 1566 2975 1649 praesidiarii

1071 1665 1286 1743 partim
1331 1664 1510 1725 occisi
1559 1667 1817 1747 captive,
1870 1666 2079 1748 partim
2131 1665 2209 1726 ad
2263 1665 2519 1747 Erycem
2574 1663 2975 1747 pei-fugerunt.

1073 1758 1292 1821 Cetera
1331 1760 1407 1822 de
1455 1760 1524 1823 L.
1565 1761 1735 1823 Juuii
1774 1763 1947 1823 rebus
1980 1764 2203 1825 incerta
2242 1771 2381 1824 sunt
2422 1760 2581 1844 apud
2624 1762 2973 1841 scriptores:

1072 1856 1312 1936 quidam
1353 1858 1510 1919 enim
1554 1878 1592 1919 a
1633 1856 1995 1921 Carthalone
2036 1868 2277 1941 captum
2302 1857 2635 1939 AEgithalli‚
2662 1857 2767 1917 alii
2810 1865 2981 1917 metu

1074 1956 1462 2017 accusationis
1502 1956 1580 2017 ob
1619 1955 1865 2017 classem
1908 1957 2179 2019 amissam
2222 1956 2335 2017 sibi
2378 1974 2581 2015 necem
2622 1954 2980 2017 conscivisse

1074 2050 1471 2132 prodiderunt.

1155 2154 1255 2209 31.
1297 2147 1520 2231 Neque
1545 2153 1741 2213 minus
1762 2152 1840 2213 de
1866 2152 2225 2214 secularibus
2243 2150 2398 2212 ludis
2415 2150 2751 2229 ambigitur,
2770 2157 2983 2208 tumne

1073 2245 1270 2324 potius
1284 2248 1524 2307 tertium
1537 2248 1822 2311 celebrati
1842 2248 2077 2320 fuerint,
2096 2268 2171 2309 an
2190 2247 2630 2329 quartodecimo
2648 2254 2783 2327 post
2796 2264 2983 2315 anno,

1075 2339 1159 2402 P.
1180 2340 1462 2405 Cornelio
1486 2342 1765 2417 Lentulo,
1795 2343 1871 2408 C.
1892 2346 2119 2406 Licinio
2144 2344 2314 2405 Varo
2337 2342 2691 2405 consulibus.
2760 2340 2976 2401 Credi-

1072 2436 1250 2499 bilius
1276 2448 1474 2501 tamen
1514 2442 1783 2514 arbitror,
1810 2443 1927 2503 hoc
1952 2462 2105 2503 anno
2131 2440 2341 2513 factos,
2367 2441 2649 2501 incitante
2672 2438 2853 2500 etiam
2894 2458 2981 2499 ex.

1074 2541 1166 2595 tot
1205 2535 1477 2599 cladibus
1511 2549 1693 2611 metu,
1720 2549 1793 2600 et·
1820 2560 1925 2622 spe
1965 2537 2271 2599 meliorum
2307 2546 2657 2619 temporum,
2686 2537 2735 2597 si
2776 2534 2976 2615 religi·

1076 2651 1217 2694 ones
1255 2634 1592 2716 diligentius
1630 2637 1981 2698 colerentur.
2066 2635 2303 2697 Fertilis
2338 2636 2436 2696 bic
2470 2655 2659 2696 annus
2686 2633 2825 2704 fuit,
2846 2631 2973 2693 ole-

1075 2729 1213 2811 ique
1235 2731 1404 2793 librae
1417 2733 1743 2796 duodenae¹‘
1760 2735 2005 2812 singulis
2022 2733 2247 2794 assibus
2264 2733 2521 2794 veniere.
2580 2731 2821 2792 Intenea
2836 2749 2981 2791 cum

1076 2827 1384 2891 dictaturae
1418 2831 1516 2893 vel
1556 2841 1789 2914 tempus
1812 2831 2157 2902 effluxisset,
2183 2829 2281 2892 vel
2310 2829 2587 2890 abdicata
2613 2849 2717 2909 per
2742 2827 2976 2888 Calati-

749 2933 882 2984 Fssti
893 2934 1054 2999 Capit.
1078 2945 1217 2984 num
1244 2937 1502 3007 potestas
1521 2939 1695 3000 esset,
1714 2930 2117 3008 magistratum
2137 2927 2387 2987 inierunt
2405 2927 2481 2986 C.
2504 2924 2787 2986 Aurelius
2804 2925 2875 2984 L.
2900 2924 2975 2984 F.

757 3223 924 3276 Zonsr.

1079 3021 1157 3082 C.
1187 3021 1276 3086 N.
1308 3023 1512 3096 Cotta,
1554 3025 1637 3085 P.
1670 3025 1957 3087 Servilius
2002 3025 2085 3092 Q.
2117 3025 2187 3084 F.
2220 3023 2336 3083 Cn.
2376 3022 2466 3082 N.
2510 3021 2821 3091 Geminus,
2862 3021 2975 3080 ite·

1077 3137 1204 3178 rum
1247 3129 1488 3200 uterque
1529 3122 1845 3185 consules!
1928 3121 2023 3181 Hi
2063 3141 2155 3182 res
2193 3122 2255 3180 in
2299 3119 2507 3180 Sicilia
2533 3119 2677 3180 satis
2700 3139 2975 3200 prospere

1076 3226 1396 3293 gesserunt,
1423 3219 1574 3279 citra
1613 3227 1809 3279 tamen
1851 3239 2083 3298 magnae
2126 3228 2231 3279 aut
2266 3217 2547 3288 victoriae,
2574 3226 2679 3277 aut
2704 3215 2978 3276 utilitatis

1075 3310 1342 3390 gloriam.
1427 3313 1830 3377 Coercuerunt
1866 3337 2006 3377 saue
2041 3315 2266 3377 Poenos
2292 3314 2623 3396 Lilybaeum
2648 3322 2709 3372 et
2736 3312 2973 3394 Drepa-

1075 3428 1216 3468 num
1257 3418 1540 3484 tenentes,
1567 3432 1640 3472 ne
1682 3422 1805 3473 tam
1844 3422 1950 3474 aut
1986 3412 2344 3492 frequenter,
2384 3419 2489 3472 aut
2528 3410 2649 3472 late
2690 3408 2983 3470 auderent

1075 3525 1418 3578 excurrere3
1461 3519 1524 3568 et
1562 3530 1696 3590 quae
1738 3511 1799 3570 in
1838 3509 1983 3570 locis
2022 3529 2063 3570 a
2098 3510 2245 3570 mari
2270 3508 2676 3571 remotioribus
2702 3506 2978 3588 praesidia

1075 3602 1424 3675 habuerant,
1448 3616 1813 3688 receperunt.

1157 3705 1258 3760 32.
1300 3699 1606 3762 Adversus
1642 3703 1754 3764 hos
1794 3703 2081 3764 Carthalo
2102 3724 2237 3765 cum
2264 3704 2451 3767 multa
2474 3717 2719 3768 conatus
2755 3707 2973 3769 frustra

1075 3805 1248 3869 esset,
1273 3797 1577 3860 consilium
1621 3799 1857 3862 Italicae
1898 3821 2017 3862 orae
2049 3801 2351 3864 vastandae
2384 3805 2577 3885 cepit:
2620 3812 2689 3865 ut
2722 3805 2835 3866 boc
2874 3815 2979 3866 tu-

1076 4039 1138 4082 nt
1175 4031 1316 4082 clare
1353 4031 1514 4083 babet
1551 4032 1826 4097 Polybius,
1862 4034 1989 4085 sstis
2060 4049 2143 4085 res
2182 4041 2302 4085 sunt
2341 4033 2609 4086 libentibus
2652 4035 2975 4100 ponderibus

1075 4097 1297 4148 obscure
1319 4097 1404 4149 bic
1434 4112 1465 4147 s
1493 4099 1841 4150 Freinshemio
1873 4115 1987 4149 ver·
2060 4104 2140 4151 lo.
2176 4100 2551 4150 Parisiensibus
2584 4101 2730 4151 libris
2764 4105 2816 4152 7.
2850 4117 2970 4155 cum

1075 4177 1185 4214 sus.
1223 4163 1367 4212 Cres.
2058 4166 2225 4215 unciis
2244 4169 2322 4216 1³.
2356 4167 2718 4230 Vid.Disput.
2735 4176 2968 4220 notram

1138 4236 1168 4261 ¹⁸
1201 4228 1400 4292 ote-ique
1433 4227 1570 4278 libra
1598 4227 1849 4291 duodenus]
1883 4229 1989 4280 Hic
2058 4230 2127 4280 de
2145 4230 2459 4295 ponderibus
2470 4241 2521 4281 et
2534 4235 2801 4282 mensuris.
2829 4235 2977 4286 Cret.

1075 4293 1414 4356 intelligimus
1451 4309 1716 4344 mensuras
1760 4295 1987 4344 librales.
2119 4303 2147 4328 ²
2182 4295 2246 4347 A.
2274 4298 2341 4348 U.
2362 4298 2422 4350 C.
2444 4301 2559 4349 5⁰4.
2594 4297 2660 4347 A.
2685 4299 2745 4349 C.
2768 4301 2893 4350 248.

1075 4359 1336 4410 Mensura
1358 4365 1534 4410 aulem
1559 4361 1767 4411 librales
1791 4363 1871 4410 12.
1894 4375 1985 4424 pa·
