<?xml version="1.0" encoding="UTF-8"?>
<!DOCTYPE html PUBLIC "-//W3C//DTD XHTML 1.0 Transitional//EN"
    "http://www.w3.org/TR/xhtml1/DTD/xhtml1-transitional.dtd">
<html xmlns="http://www.w3.org/1999/xhtml" xml:lang="en" lang="en">
 <head>
  <title>
</title>
<meta http-equiv="Content-Type" content="text/html;charset=utf-8" />
  <meta name='ocr-system' content='tesseract 3.04.00' />
  <meta name='ocr-capabilities' content='ocr_page ocr_carea ocr_par ocr_line ocrx_word'/>
</head>
<body>
  <div class='ocr_page' id='page_1' title='image "./tliviipatavinih19unkngoog_0482.png"; bbox 0 0 3300 5225; ppageno 0'>
   <div class='ocr_carea' id='block_1_1' title="bbox 1077 421 2571 497">
    <p class='ocr_par' dir='ltr' id='par_1_1' title="bbox 1077 421 2571 497">
     <span class='ocr_line' id='line_1_1' title="bbox 1077 421 2571 497; baseline 0.008 -11"><span class='ocrx_word' id='word_1_1' title='bbox 1077 439 1224 488; x_wconf 77' lang='lat' dir='ltr'><strong>ma.</strong></span> <span class='ocrx_word' id='word_1_2' title='bbox 1271 437 1501 488; x_wconf 75' lang='lat' dir='ltr'><strong>xxiv.</strong></span> <span class='ocrx_word' id='word_1_3' title='bbox 1549 437 1717 488; x_wconf 70' lang='lat' dir='ltr'><strong>cu.</strong></span> <span class='ocrx_word' id='word_1_4' title='bbox 1756 421 1869 490; x_wconf 86' lang='grc'><strong>38.</strong></span> <span class='ocrx_word' id='word_1_5' title='bbox 2394 430 2571 497; x_wconf 76' lang='grc'><strong>2053</strong></span> 
     </span>
    </p>
   </div>
   <div class='ocr_carea' id='block_1_2' title="bbox 362 581 2577 2309">
    <p class='ocr_par' dir='ltr' id='par_1_2' title="bbox 362 581 2577 1471">
     <span class='ocr_line' id='line_1_2' title="bbox 364 581 2572 669; baseline 0.002 -17"><span class='ocrx_word' id='word_1_6' title='bbox 364 605 510 653; x_wconf 88' lang='lat' dir='ltr'><strong>rum</strong></span> <span class='ocrx_word' id='word_1_7' title='bbox 531 594 560 624; x_wconf 80' lang='lat'><strong>¹²</strong></span> <span class='ocrx_word' id='word_1_8' title='bbox 587 603 734 651; x_wconf 86' lang='lat' dir='ltr'><strong>earn</strong></span> <span class='ocrx_word' id='word_1_9' title='bbox 763 585 976 668; x_wconf 83' lang='lat' dir='ltr'><strong>legem</strong></span> <span class='ocrx_word' id='word_1_10' title='bbox 1009 591 1320 669; x_wconf 87' lang='lat' dir='ltr'><strong>parentes</strong></span> <span class='ocrx_word' id='word_1_11' title='bbox 1351 581 1693 649; x_wconf 76' lang='lat' dir='ltr'><strong>sanxisse.</strong></span> <span class='ocrx_word' id='word_1_12' title='bbox 1782 585 2145 652; x_wconf 86' lang='lat' dir='ltr'><strong>Consulem</strong></span> <span class='ocrx_word' id='word_1_13' title='bbox 2174 587 2572 656; x_wconf 82' lang='lat' dir='ltr'><strong>Marcellum</strong></span> 
     </span>
     <span class='ocr_line' id='line_1_3' title="bbox 363 687 2573 778; baseline 0.002 -23"><span class='ocrx_word' id='word_1_14' title='bbox 363 690 544 755; x_wconf 87' lang='lat' dir='ltr'><strong>haud</strong></span> <span class='ocrx_word' id='word_1_15' title='bbox 593 689 832 772; x_wconf 88' lang='lat' dir='ltr'><strong>procul</strong></span> <span class='ocrx_word' id='word_1_16' title='bbox 883 705 1072 752; x_wconf 82' lang='lat' dir='ltr'><strong>esse:</strong></span> <span class='ocrx_word' id='word_1_17' title='bbox 1117 687 1205 752; x_wconf 92' lang='lat' dir='ltr'><strong>ad</strong></span> <span class='ocrx_word' id='word_1_18' title='bbox 1259 705 1412 751; x_wconf 89' lang='lat' dir='ltr'><strong>eum</strong></span> <span class='ocrx_word' id='word_1_19' title='bbox 1465 687 1807 754; x_wconf 80' lang='lat' dir='ltr'><strong>mitterent</strong></span> <span class='ocrx_word' id='word_1_20' title='bbox 1842 688 2135 772; x_wconf 81' lang='lat' dir='ltr'><strong>legatos,</strong></span> <span class='ocrx_word' id='word_1_21' title='bbox 2162 691 2362 777; x_wconf 81' lang='lat' dir='ltr'><strong>cujus</strong></span> <span class='ocrx_word' id='word_1_22' title='bbox 2392 692 2573 778; x_wconf 84' lang='lat' dir='ltr'><strong>juris</strong></span> 
     </span>
     <span class='ocr_line' id='line_1_4' title="bbox 365 785 2575 877; baseline 0.002 -19"><span class='ocrx_word' id='word_1_23' title='bbox 365 802 574 877; x_wconf 84' lang='lat' dir='ltr'><strong>atque</strong></span> <span class='ocrx_word' id='word_1_24' title='bbox 604 791 856 856; x_wconf 79' lang='lat' dir='ltr'><strong>arbitrii</strong></span> <span class='ocrx_word' id='word_1_25' title='bbox 889 785 1152 854; x_wconf 81' lang='lat' dir='ltr'><strong>esset.&#39;¹&#39;</strong></span> <span class='ocrx_word' id='word_1_26' title='bbox 1239 787 1332 854; x_wconf 91' lang='lat' dir='ltr'><strong>Se</strong></span> <span class='ocrx_word' id='word_1_27' title='bbox 1373 805 1540 854; x_wconf 85' lang='lat' dir='ltr'><strong>vero</strong></span> <span class='ocrx_word' id='word_1_28' title='bbox 1581 807 1822 873; x_wconf 82' lang='lat' dir='ltr'><strong>negare</strong></span> <span class='ocrx_word' id='word_1_29' title='bbox 1862 791 1961 856; x_wconf 84' lang='lat' dir='ltr'><strong>illi</strong></span> <span class='ocrx_word' id='word_1_30' title='bbox 1988 793 2337 872; x_wconf 83' lang='lat' dir='ltr'><strong>missuros,</strong></span> <span class='ocrx_word' id='word_1_31' title='bbox 2368 802 2575 862; x_wconf 84' lang='lat' dir='ltr'><strong>testa-</strong></span> 
     </span>
     <span class='ocr_line' id='line_1_5' title="bbox 362 891 2575 980; baseline 0.003 -22"><span class='ocrx_word' id='word_1_32' title='bbox 362 895 571 978; x_wconf 87' lang='lat' dir='ltr'><strong>rique,</strong></span> <span class='ocrx_word' id='word_1_33' title='bbox 603 894 664 958; x_wconf 82' lang='lat' dir='ltr'><strong>si</strong></span> <span class='ocrx_word' id='word_1_34' title='bbox 691 892 917 957; x_wconf 85' lang='lat' dir='ltr'><strong>verbis</strong></span> <span class='ocrx_word' id='word_1_35' title='bbox 955 891 1121 956; x_wconf 86' lang='lat' dir='ltr'><strong>nihil</strong></span> <span class='ocrx_word' id='word_1_36' title='bbox 1163 897 1462 974; x_wconf 76' lang='lat' dir='ltr'><strong>agerent,</strong></span> <span class='ocrx_word' id='word_1_37' title='bbox 1493 891 1867 958; x_wconf 76' lang='lat' dir='ltr'><strong>&#39;vindictam</strong></span> <span class='ocrx_word' id='word_1_38' title='bbox 1909 895 2207 980; x_wconf 86' lang='lat' dir='ltr'><strong>aliquam</strong></span> <span class='ocrx_word' id='word_1_39' title='bbox 2246 895 2575 966; x_wconf 75' lang='lat' dir='ltr'><strong>libertatis</strong></span> 
     </span>
     <span class='ocr_line' id='line_1_6' title="bbox 367 993 2575 1081; baseline 0.002 -19"><span class='ocrx_word' id='word_1_40' title='bbox 367 1015 514 1062; x_wconf 82' lang='lat' dir='ltr'><strong>suae</strong></span> <span class='ocrx_word' id='word_1_41' title='bbox 546 996 985 1081; x_wconf 73' lang='lat' dir='ltr'><strong>quaesituros.</strong></span> <span class='ocrx_word' id='word_1_42' title='bbox 1071 993 1243 1059; x_wconf 86' lang='lat' dir='ltr'><strong>Tum</strong></span> <span class='ocrx_word' id='word_1_43' title='bbox 1277 993 1630 1058; x_wconf 77' lang='lat' dir='ltr'><strong>Pinarius:</strong></span> <span class='ocrx_word' id='word_1_44' title='bbox 1677 997 1699 1028; x_wconf 93' lang='lat'>‘</span> <span class='ocrx_word' id='word_1_45' title='bbox 1728 999 1799 1059; x_wconf 88' lang='lat' dir='ltr'><strong>at</strong></span> <span class='ocrx_word' id='word_1_46' title='bbox 1841 993 1990 1075; x_wconf 64' lang='lat' dir='ltr'><strong>illi:</strong></span> <span class='ocrx_word' id='word_1_47' title='bbox 2040 997 2149 1062; x_wconf 84' lang='lat' dir='ltr'><strong>si⁰</strong></span> <span class='ocrx_word' id='word_1_48' title='bbox 2191 999 2279 1064; x_wconf 86' lang='lat' dir='ltr'><strong>ad</strong></span> <span class='ocrx_word' id='word_1_49' title='bbox 2326 1019 2575 1066; x_wconf 85' lang='lat' dir='ltr'><strong>consu-</strong></span> 
     </span>
     <span class='ocr_line' id='line_1_7' title="bbox 363 1097 2573 1184; baseline 0.002 -19"><span class='ocrx_word' id='word_1_50' title='bbox 363 1099 498 1165; x_wconf 88' lang='lat' dir='ltr'><strong>lem</strong></span> <span class='ocrx_word' id='word_1_51' title='bbox 528 1103 956 1181; x_wconf 79' lang='lat' dir='ltr'><strong>gravarentur</strong></span> <span class='ocrx_word' id='word_1_52' title='bbox 1005 1097 1284 1175; x_wconf 86' lang='lat' dir='ltr'><strong>mittere,</strong></span> <span class='ocrx_word' id='word_1_53' title='bbox 1335 1097 1468 1162; x_wconf 79' lang='lat' dir='ltr'><strong>sibi</strong></span> <span class='ocrx_word' id='word_1_54' title='bbox 1519 1097 1759 1162; x_wconf 83' lang='lat' dir='ltr'><strong>saltem</strong></span> <span class='ocrx_word' id='word_1_55' title='bbox 1800 1097 2036 1162; x_wconf 87' lang='lat' dir='ltr'><strong>darent</strong></span> <span class='ocrx_word' id='word_1_56' title='bbox 2076 1101 2305 1184; x_wconf 87' lang='lat' dir='ltr'><strong>populi</strong></span> <span class='ocrx_word' id='word_1_57' title='bbox 2349 1105 2573 1170; x_wconf 81' lang='lat' dir='ltr'><strong>conci-</strong></span> 
     </span>
     <span class='ocr_line' id='line_1_8' title="bbox 363 1197 2577 1280; baseline 0.001 -15"><span class='ocrx_word' id='word_1_58' title='bbox 363 1201 571 1266; x_wconf 87' lang='lat' dir='ltr'><strong>lium:</strong></span> <span class='ocrx_word' id='word_1_59' title='bbox 615 1205 692 1265; x_wconf 86' lang='lat' dir='ltr'><strong>ut</strong></span> <span class='ocrx_word' id='word_1_60' title='bbox 723 1201 1023 1276; x_wconf 86' lang='lat' dir='ltr'><strong>sciretur,</strong></span> <span class='ocrx_word' id='word_1_61' title='bbox 1050 1203 1270 1262; x_wconf 87' lang='lat' dir='ltr'><strong>utrum</strong></span> <span class='ocrx_word' id='word_1_62' title='bbox 1297 1216 1671 1280; x_wconf 86' lang='lat' dir='ltr'><strong>paucorum</strong></span> <span class='ocrx_word' id='word_1_63' title='bbox 1702 1217 1787 1263; x_wconf 87' lang='lat' dir='ltr'><strong>ea</strong></span> <span class='ocrx_word' id='word_1_64' title='bbox 1818 1197 2263 1280; x_wconf 78' lang='lat' dir='ltr'><strong>denuntiata,¹’</strong></span> <span class='ocrx_word' id='word_1_65' title='bbox 2302 1221 2389 1267; x_wconf 88' lang='lat' dir='ltr'><strong>an</strong></span> <span class='ocrx_word' id='word_1_66' title='bbox 2428 1205 2577 1268; x_wconf 82' lang='lat' dir='ltr'><strong>uui·</strong></span> 
     </span>
     <span class='ocr_line' id='line_1_9' title="bbox 365 1298 2571 1385; baseline 0.001 -17"><span class='ocrx_word' id='word_1_67' title='bbox 365 1321 580 1368; x_wconf 72' lang='lat' dir='ltr'><strong>versae</strong></span> <span class='ocrx_word' id='word_1_68' title='bbox 609 1301 908 1368; x_wconf 86' lang='lat' dir='ltr'><strong>civitatis</strong></span> <span class='ocrx_word' id='word_1_69' title='bbox 939 1298 1208 1367; x_wconf 63' lang='lat' dir='ltr'><strong>essent?</strong></span> <span class='ocrx_word' id='word_1_70' title='bbox 1281 1299 1642 1366; x_wconf 84' lang='lat' dir='ltr'><strong>Consensn</strong></span> <span class='ocrx_word' id='word_1_71' title='bbox 1663 1307 1689 1338; x_wconf 82' lang='lat'>⁸</span> <span class='ocrx_word' id='word_1_72' title='bbox 1717 1301 1785 1364; x_wconf 88' lang='lat' dir='ltr'><strong>in</strong></span> <span class='ocrx_word' id='word_1_73' title='bbox 1814 1307 2163 1385; x_wconf 87' lang='lat' dir='ltr'><strong>posterum</strong></span> <span class='ocrx_word' id='word_1_74' title='bbox 2194 1303 2373 1370; x_wconf 89' lang='lat' dir='ltr'><strong>diem</strong></span> <span class='ocrx_word' id='word_1_75' title='bbox 2405 1325 2571 1372; x_wconf 77' lang='lat' dir='ltr'><strong>con-</strong></span> 
     </span>
     <span class='ocr_line' id='line_1_10' title="bbox 364 1403 808 1471; baseline 0 -1"><span class='ocrx_word' id='word_1_76' title='bbox 364 1405 476 1471; x_wconf 94' lang='lat' dir='ltr'><strong>cio</strong></span> <span class='ocrx_word' id='word_1_77' title='bbox 505 1403 808 1470; x_wconf 76' lang='lat' dir='ltr'><strong>edicitur.</strong></span> 
     </span>
    </p>

    <p class='ocr_par' dir='ltr' id='par_1_3' title="bbox 363 1503 2577 2309">
     <span class='ocr_line' id='line_1_11' title="bbox 449 1503 2573 1595; baseline 0.002 -23"><span class='ocrx_word' id='word_1_78' title='bbox 449 1507 560 1572; x_wconf 87' lang='grc'><strong>38.</strong></span> <span class='ocrx_word' id='word_1_79' title='bbox 604 1506 979 1590; x_wconf 80' lang='lat' dir='ltr'><strong>Postquam</strong></span> <span class='ocrx_word' id='word_1_80' title='bbox 1031 1505 1119 1570; x_wconf 89' lang='lat' dir='ltr'><strong>ab</strong></span> <span class='ocrx_word' id='word_1_81' title='bbox 1167 1523 1251 1569; x_wconf 88' lang='lat' dir='ltr'><strong>eo</strong></span> <span class='ocrx_word' id='word_1_82' title='bbox 1303 1503 1653 1589; x_wconf 90' lang='lat' dir='ltr'><strong>colloquio</strong></span> <span class='ocrx_word' id='word_1_83' title='bbox 1701 1505 1770 1568; x_wconf 88' lang='lat' dir='ltr'><strong>in</strong></span> <span class='ocrx_word' id='word_1_84' title='bbox 1820 1525 2045 1570; x_wconf 88' lang='lat' dir='ltr'><strong>arcem</strong></span> <span class='ocrx_word' id='word_1_85' title='bbox 2096 1525 2249 1574; x_wconf 88' lang='lat' dir='ltr'><strong>sese</strong></span> <span class='ocrx_word' id='word_1_86' title='bbox 2295 1511 2573 1595; x_wconf 87' lang='lat' dir='ltr'><strong>recepit,</strong></span> 
     </span>
     <span class='ocr_line' id='line_1_12' title="bbox 365 1606 2577 1691; baseline 0.001 -16"><span class='ocrx_word' id='word_1_87' title='bbox 365 1609 762 1675; x_wconf 85' lang='lat' dir='ltr'><strong>convocatis</strong></span> <span class='ocrx_word' id='word_1_88' title='bbox 789 1608 1137 1685; x_wconf 89' lang='lat' dir='ltr'><strong>militibus,</strong></span> <span class='ocrx_word' id='word_1_89' title='bbox 1179 1611 1200 1640; x_wconf 92' lang='lat'>‘</span> <span class='ocrx_word' id='word_1_90' title='bbox 1231 1606 1452 1672; x_wconf 87' lang='lat' dir='ltr'><strong>Credo</strong></span> <span class='ocrx_word' id='word_1_91' title='bbox 1488 1614 1648 1690; x_wconf 81' lang='lat' dir='ltr'><strong>ego³</strong></span> <span class='ocrx_word' id='word_1_92' title='bbox 1681 1626 1806 1671; x_wconf 84' lang='lat' dir='ltr'><strong>vos</strong></span> <span class='ocrx_word' id='word_1_93' title='bbox 1838 1608 2136 1687; x_wconf 80' lang='lat' dir='ltr'><strong>audisse,</strong></span> <span class='ocrx_word' id='word_1_94' title='bbox 2162 1609 2452 1691; x_wconf 84' lang='lat' dir='ltr'><strong>milites,’</strong></span> <span class='ocrx_word' id='word_1_95' title='bbox 2474 1613 2577 1678; x_wconf 90' lang='lat' dir='ltr'><strong>in-</strong></span> 
     </span>
     <span class='ocr_line' id='line_1_13' title="bbox 365 1707 2576 1796; baseline 0.001 -20"><span class='ocrx_word' id='word_1_96' title='bbox 365 1713 538 1796; x_wconf 86' lang='lat' dir='ltr'><strong>quit,</strong></span> <span class='ocrx_word' id='word_1_97' title='bbox 572 1715 594 1746; x_wconf 90' lang='lat'>‘</span> <span class='ocrx_word' id='word_1_98' title='bbox 620 1709 1184 1794; x_wconf 78' lang='lat' dir='ltr'><strong>quemadmodum</strong></span> <span class='ocrx_word' id='word_1_99' title='bbox 1213 1709 1532 1793; x_wconf 85' lang='lat' dir='ltr'><strong>praesidia</strong></span> <span class='ocrx_word' id='word_1_100' title='bbox 1550 1707 1867 1774; x_wconf 79' lang='lat' dir='ltr'><strong>Romana</strong></span> <span class='ocrx_word' id='word_1_101' title='bbox 1896 1710 1983 1774; x_wconf 89' lang='lat' dir='ltr'><strong>ab</strong></span> <span class='ocrx_word' id='word_1_102' title='bbox 2015 1708 2261 1776; x_wconf 84' lang='lat' dir='ltr'><strong>Siculis</strong></span> <span class='ocrx_word' id='word_1_103' title='bbox 2291 1712 2576 1780; x_wconf 88' lang='lat' dir='ltr'><strong>circum·</strong></span> 
     </span>
     <span class='ocr_line' id='line_1_14' title="bbox 364 1810 2575 1896; baseline 0.002 -18"><span class='ocrx_word' id='word_1_104' title='bbox 364 1821 570 1879; x_wconf 82' lang='lat' dir='ltr'><strong>venta</strong></span> <span class='ocrx_word' id='word_1_105' title='bbox 613 1818 682 1877; x_wconf 84' lang='lat' dir='ltr'><strong>et</strong></span> <span class='ocrx_word' id='word_1_106' title='bbox 732 1831 1062 1896; x_wconf 85' lang='lat' dir='ltr'><strong>oppressa</strong></span> <span class='ocrx_word' id='word_1_107' title='bbox 1113 1811 1250 1877; x_wconf 86' lang='lat' dir='ltr'><strong>sint</strong></span> <span class='ocrx_word' id='word_1_108' title='bbox 1291 1831 1416 1894; x_wconf 89' lang='lat' dir='ltr'><strong>per</strong></span> <span class='ocrx_word' id='word_1_109' title='bbox 1465 1810 1589 1877; x_wconf 89' lang='lat' dir='ltr'><strong>hos</strong></span> <span class='ocrx_word' id='word_1_110' title='bbox 1637 1810 1807 1876; x_wconf 87' lang='lat' dir='ltr'><strong>dies.</strong></span> <span class='ocrx_word' id='word_1_111' title='bbox 1896 1811 2071 1876; x_wconf 85' lang='lat' dir='ltr'><strong>Eam</strong></span> <span class='ocrx_word' id='word_1_112' title='bbox 2099 1833 2221 1878; x_wconf 82' lang='lat' dir='ltr'><strong>vos</strong></span> <span class='ocrx_word' id='word_1_113' title='bbox 2246 1813 2575 1896; x_wconf 82' lang='lat' dir='ltr'><strong>fraudem,</strong></span> 
     </span>
     <span class='ocr_line' id='line_1_15' title="bbox 367 1914 2576 2000; baseline 0.002 -19"><span class='ocrx_word' id='word_1_114' title='bbox 367 1917 594 1982; x_wconf 90' lang='lat' dir='ltr'><strong>Deum</strong></span> <span class='ocrx_word' id='word_1_115' title='bbox 621 1916 836 2000; x_wconf 87' lang='lat' dir='ltr'><strong>primo</strong></span> <span class='ocrx_word' id='word_1_116' title='bbox 863 1914 1296 1996; x_wconf 83' lang='lat' dir='ltr'><strong>benignitate,</strong></span> <span class='ocrx_word' id='word_1_117' title='bbox 1325 1915 1486 1980; x_wconf 89' lang='lat' dir='ltr'><strong>dein</strong></span> <span class='ocrx_word' id='word_1_118' title='bbox 1515 1919 1743 1978; x_wconf 84' lang='lat' dir='ltr'><strong>vestra</strong></span> <span class='ocrx_word' id='word_1_119' title='bbox 1771 1914 1907 1999; x_wconf 87' lang='lat' dir='ltr'><strong>ipsi</strong></span> <span class='ocrx_word' id='word_1_120' title='bbox 1938 1915 2202 1992; x_wconf 84' lang='lat' dir='ltr'><strong>virtute,</strong></span> <span class='ocrx_word' id='word_1_121' title='bbox 2232 1915 2380 1982; x_wconf 84' lang='lat' dir='ltr'><strong>dies</strong></span> <span class='ocrx_word' id='word_1_122' title='bbox 2410 1938 2576 1986; x_wconf 88' lang='lat' dir='ltr'><strong>noc-</strong></span> 
     </span>
     <span class='ocr_line' id='line_1_16' title="bbox 363 2015 2573 2101; baseline 0.001 -18"><span class='ocrx_word' id='word_1_123' title='bbox 363 2024 598 2101; x_wconf 81' lang='lat' dir='ltr'><strong>tesque</strong></span> <span class='ocrx_word' id='word_1_124' title='bbox 643 2015 1008 2101; x_wconf 84' lang='lat' dir='ltr'><strong>perstando</strong></span> <span class='ocrx_word' id='word_1_125' title='bbox 1061 2035 1144 2080; x_wconf 89' lang='lat' dir='ltr'><strong>ac</strong></span> <span class='ocrx_word' id='word_1_126' title='bbox 1191 2015 1655 2100; x_wconf 78' lang='lat' dir='ltr'><strong>pervigilando</strong></span> <span class='ocrx_word' id='word_1_127' title='bbox 1683 2015 1754 2081; x_wconf 89' lang='lat' dir='ltr'><strong>in</strong></span> <span class='ocrx_word' id='word_1_128' title='bbox 1786 2017 2013 2095; x_wconf 89' lang='lat' dir='ltr'><strong>armis,</strong></span> <span class='ocrx_word' id='word_1_129' title='bbox 2044 2018 2327 2084; x_wconf 83' lang='lat' dir='ltr'><strong>vitastis.</strong></span> <span class='ocrx_word' id='word_1_130' title='bbox 2419 2019 2573 2086; x_wconf 85' lang='lat' dir='ltr'><strong>Uti-</strong></span> 
     </span>
     <span class='ocr_line' id='line_1_17' title="bbox 363 2117 2573 2204; baseline 0.003 -20"><span class='ocrx_word' id='word_1_131' title='bbox 363 2139 522 2184; x_wconf 86' lang='lat' dir='ltr'><strong>nam</strong></span> <span class='ocrx_word' id='word_1_132' title='bbox 565 2117 891 2203; x_wconf 88' lang='lat' dir='ltr'><strong>reliqnum</strong></span> <span class='ocrx_word' id='word_1_133' title='bbox 921 2123 1194 2201; x_wconf 83' lang='lat' dir='ltr'><strong>ternpus</strong></span> <span class='ocrx_word' id='word_1_134' title='bbox 1227 2137 1354 2182; x_wconf 91' lang='lat' dir='ltr'><strong>nec</strong></span> <span class='ocrx_word' id='word_1_135' title='bbox 1384 2117 1715 2200; x_wconf 85' lang='lat' dir='ltr'><strong>patiendo</strong></span> <span class='ocrx_word' id='word_1_136' title='bbox 1744 2118 2042 2197; x_wconf 83' lang='lat' dir='ltr'><strong>infanda,</strong></span> <span class='ocrx_word' id='word_1_137' title='bbox 2072 2140 2199 2186; x_wconf 90' lang='lat' dir='ltr'><strong>nec</strong></span> <span class='ocrx_word' id='word_1_138' title='bbox 2230 2121 2573 2204; x_wconf 81' lang='lat' dir='ltr'><strong>faciendo,</strong></span> 
     </span>
     <span class='ocr_line' id='line_1_18' title="bbox 366 2218 2577 2309; baseline 0.002 -22"><span class='ocrx_word' id='word_1_139' title='bbox 366 2219 632 2288; x_wconf 83' lang='lat' dir='ltr'><strong>traduci</strong></span> <span class='ocrx_word' id='word_1_140' title='bbox 659 2219 918 2304; x_wconf 77' lang='lat' dir='ltr'><strong>possit!</strong></span> <span class='ocrx_word' id='word_1_141' title='bbox 973 2219 1153 2286; x_wconf 82' lang='lat' dir='ltr'><strong>Haec</strong></span> <span class='ocrx_word' id='word_1_142' title='bbox 1182 2219 1455 2285; x_wconf 88' lang='lat' dir='ltr'><strong>occulta</strong></span> <span class='ocrx_word' id='word_1_143' title='bbox 1481 2220 1548 2284; x_wconf 87' lang='lat' dir='ltr'><strong>in</strong></span> <span class='ocrx_word' id='word_1_144' title='bbox 1573 2225 1606 2267; x_wconf 83' lang='lat'>4</span> <span class='ocrx_word' id='word_1_145' title='bbox 1625 2218 1865 2286; x_wconf 84' lang='lat' dir='ltr'><strong>frande</strong></span> <span class='ocrx_word' id='word_1_146' title='bbox 1888 2221 2119 2286; x_wconf 83' lang='lat' dir='ltr'><strong>cautio</strong></span> <span class='ocrx_word' id='word_1_147' title='bbox 2146 2227 2275 2302; x_wconf 85' lang='lat' dir='ltr'><strong>est,</strong></span> <span class='ocrx_word' id='word_1_148' title='bbox 2301 2227 2577 2309; x_wconf 70' lang='lat' dir='ltr'><strong>quami</strong></span> 
     </span>
    </p>
   </div>
   <div class='ocr_carea' id='block_1_3' title="bbox 429 2395 1857 2463">
    <p class='ocr_par' dir='ltr' id='par_1_4' title="bbox 429 2395 1857 2463">
     <span class='ocr_line' id='line_1_19' title="bbox 429 2395 1857 2463; baseline 0.004 -17"><span class='ocrx_word' id='word_1_149' title='bbox 429 2403 460 2437; x_wconf 81' lang='lat'><strong>¹·</strong></span> <span class='ocrx_word' id='word_1_150' title='bbox 491 2395 575 2446; x_wconf 69' lang='lat' dir='ltr'><strong>Ad</strong></span> <span class='ocrx_word' id='word_1_151' title='bbox 593 2395 728 2458; x_wconf 67' lang='lat' dir='ltr'><strong>cnjus</strong></span> <span class='ocrx_word' id='word_1_152' title='bbox 743 2401 1030 2462; x_wconf 71' lang='lat' dir='ltr'><strong>potestatem</strong></span> <span class='ocrx_word' id='word_1_153' title='bbox 1051 2401 1100 2448; x_wconf 82' lang='lat' dir='ltr'><strong>ct</strong></span> <span class='ocrx_word' id='word_1_154' title='bbox 1122 2395 1378 2448; x_wconf 75' lang='lat' dir='ltr'><strong>arbitrium</strong></span> <span class='ocrx_word' id='word_1_155' title='bbox 1400 2411 1458 2448; x_wconf 76' lang='lat' dir='ltr'><strong>ea</strong></span> <span class='ocrx_word' id='word_1_156' title='bbox 1479 2411 1558 2448; x_wconf 76' lang='lat' dir='ltr'><strong>res</strong></span> <span class='ocrx_word' id='word_1_157' title='bbox 1576 2398 1857 2463; x_wconf 76' lang='lat' dir='ltr'><strong>pertineret.</strong></span> 
     </span>
    </p>
   </div>
   <div class='ocr_carea' id='block_1_4' title="bbox 1285 2541 1655 2566">
    <p class='ocr_par' dir='ltr' id='par_1_5' title="bbox 1285 2541 1655 2566">
     <span class='ocr_line' id='line_1_20' title="bbox 1285 2541 1655 2566; baseline 0.008 -2"><span class='ocrx_word' id='word_1_158' title='bbox 1285 2541 1655 2566; x_wconf 56' lang='lat' dir='ltr'><strong>OOOOMW</strong></span> 
     </span>
    </p>
   </div>
   <div class='ocr_carea' id='block_1_5' title="bbox 365 2641 2579 3214">
    <p class='ocr_par' dir='ltr' id='par_1_6' title="bbox 365 2641 2579 3214">
     <span class='ocr_line' id='line_1_21' title="bbox 367 2641 2575 2708; baseline 0.003 -17"><span class='ocrx_word' id='word_1_159' title='bbox 367 2642 546 2692; x_wconf 79' lang='lat' dir='ltr'><strong>oculos</strong></span> <span class='ocrx_word' id='word_1_160' title='bbox 567 2641 766 2695; x_wconf 78' lang='lat' dir='ltr'><strong>habuit.</strong></span> <span class='ocrx_word' id='word_1_161' title='bbox 829 2644 959 2694; x_wconf 78' lang='lat' dir='ltr'><strong>Mox</strong></span> <span class='ocrx_word' id='word_1_162' title='bbox 995 2648 1046 2695; x_wconf 77' lang='lat' dir='ltr'><strong>ct</strong></span> <span class='ocrx_word' id='word_1_163' title='bbox 1080 2658 1167 2693; x_wconf 74' lang='lat' dir='ltr'><strong>nec</strong></span> <span class='ocrx_word' id='word_1_164' title='bbox 1202 2643 1456 2693; x_wconf 70' lang='lat' dir='ltr'><strong>liberorum</strong></span> <span class='ocrx_word' id='word_1_165' title='bbox 1488 2659 1534 2695; x_wconf 81' lang='lat' dir='ltr'><strong>e.</strong></span> <span class='ocrx_word' id='word_1_166' title='bbox 1567 2660 1611 2695; x_wconf 74' lang='lat' dir='ltr'><strong>s.</strong></span> <span class='ocrx_word' id='word_1_167' title='bbox 1643 2660 1748 2695; x_wconf 70' lang='lat' dir='ltr'><strong>em</strong></span> <span class='ocrx_word' id='word_1_168' title='bbox 1773 2650 1986 2708; x_wconf 71' lang='lat' dir='ltr'><strong>petente·</strong></span> <span class='ocrx_word' id='word_1_169' title='bbox 2004 2646 2219 2697; x_wconf 69' lang='grc' dir='ltr'><strong><em>αιιιωίωε</em></strong></span> <span class='ocrx_word' id='word_1_170' title='bbox 2240 2661 2419 2697; x_wconf 77' lang='lat' dir='ltr'><strong>omnes</strong></span> <span class='ocrx_word' id='word_1_171' title='bbox 2441 2647 2575 2699; x_wconf 68' lang='lat' dir='ltr'><strong>Mes.</strong></span> 
     </span>
     <span class='ocr_line' id='line_1_22' title="bbox 367 2708 2575 2775; baseline 0.002 -18"><span class='ocrx_word' id='word_1_172' title='bbox 367 2708 467 2757; x_wconf 80' lang='lat' dir='ltr'><strong>nisi</strong></span> <span class='ocrx_word' id='word_1_173' title='bbox 493 2708 630 2771; x_wconf 87' lang='lat' dir='ltr'><strong>quod</strong></span> <span class='ocrx_word' id='word_1_174' title='bbox 654 2722 748 2771; x_wconf 79' lang='lat' dir='ltr'><strong>pro</strong></span> <span class='ocrx_word' id='word_1_175' title='bbox 773 2716 982 2771; x_wconf 71' lang='lat' dir='ltr'><strong>petente·</strong></span> <span class='ocrx_word' id='word_1_176' title='bbox 1004 2711 1053 2757; x_wconf 87' lang='lat' dir='ltr'><strong>iu</strong></span> <span class='ocrx_word' id='word_1_177' title='bbox 1081 2710 1203 2759; x_wconf 87' lang='lat' dir='ltr'><strong>Put.</strong></span> <span class='ocrx_word' id='word_1_178' title='bbox 1227 2718 1309 2759; x_wconf 79' lang='lat' dir='ltr'><strong>est</strong></span> <span class='ocrx_word' id='word_1_179' title='bbox 1339 2715 1577 2772; x_wconf 73' lang='lat' dir='ltr'><strong>patentes,</strong></span> <span class='ocrx_word' id='word_1_180' title='bbox 1600 2718 1655 2759; x_wconf 90' lang='lat' dir='ltr'><strong>et</strong></span> <span class='ocrx_word' id='word_1_181' title='bbox 1676 2710 1727 2759; x_wconf 89' lang='lat' dir='ltr'><strong>in</strong></span> <span class='ocrx_word' id='word_1_182' title='bbox 1752 2724 1913 2775; x_wconf 73' lang='lat' dir='ltr'><strong>marg.</strong></span> <span class='ocrx_word' id='word_1_183' title='bbox 1938 2711 2089 2761; x_wconf 78' lang='lat' dir='ltr'><strong>Voss.</strong></span> <span class='ocrx_word' id='word_1_184' title='bbox 2120 2727 2321 2775; x_wconf 77' lang='lat' dir='ltr'><strong>poencm.</strong></span> <span class='ocrx_word' id='word_1_185' title='bbox 2387 2712 2449 2763; x_wconf 85' lang='lat' dir='ltr'><strong>In</strong></span> <span class='ocrx_word' id='word_1_186' title='bbox 2473 2713 2575 2762; x_wconf 85' lang='lat' dir='ltr'><strong>Ed.</strong></span> 
     </span>
     <span class='ocr_line' id='line_1_23' title="bbox 367 2773 2579 2839; baseline 0.003 -18"><span class='ocrx_word' id='word_1_187' title='bbox 367 2787 449 2835; x_wconf 77' lang='lat' dir='ltr'><strong>pr.</strong></span> <span class='ocrx_word' id='word_1_188' title='bbox 472 2781 526 2822; x_wconf 88' lang='lat' dir='ltr'><strong>et</strong></span> <span class='ocrx_word' id='word_1_189' title='bbox 547 2773 662 2822; x_wconf 84' lang='lat' dir='ltr'><strong>aliis</strong></span> <span class='ocrx_word' id='word_1_190' title='bbox 685 2781 821 2821; x_wconf 67' lang='lat' dir='ltr'><strong>anti.</strong></span> <span class='ocrx_word' id='word_1_191' title='bbox 854 2780 902 2823; x_wconf 80' lang='lat' dir='ltr'><strong>et</strong></span> <span class='ocrx_word' id='word_1_192' title='bbox 924 2776 1010 2823; x_wconf 76' lang='lat' dir='ltr'><strong>hoc</strong></span> <span class='ocrx_word' id='word_1_193' title='bbox 1034 2774 1290 2823; x_wconf 77' lang='lat' dir='ltr'><strong>liberorum</strong></span> <span class='ocrx_word' id='word_1_194' title='bbox 1310 2789 1353 2824; x_wconf 78' lang='lat' dir='ltr'><strong>e.</strong></span> <span class='ocrx_word' id='word_1_195' title='bbox 1369 2788 1410 2823; x_wconf 74' lang='grc' dir='ltr'><strong>ε.</strong></span> <span class='ocrx_word' id='word_1_196' title='bbox 1428 2785 1591 2824; x_wconf 70' lang='lat' dir='ltr'><strong>more</strong></span> <span class='ocrx_word' id='word_1_197' title='bbox 1615 2780 1838 2839; x_wconf 73' lang='lat' dir='ltr'><strong>parentes</strong></span> <span class='ocrx_word' id='word_1_198' title='bbox 1859 2790 1901 2827; x_wconf 75' lang='lat' dir='ltr'><strong>s.</strong></span> <span class='ocrx_word' id='word_1_199' title='bbox 1938 2776 2087 2838; x_wconf 83' lang='lat' dir='ltr'><strong>prob.</strong></span> <span class='ocrx_word' id='word_1_200' title='bbox 2110 2778 2218 2827; x_wconf 82' lang='lat' dir='ltr'><strong>Str.</strong></span> <span class='ocrx_word' id='word_1_201' title='bbox 2284 2778 2400 2826; x_wconf 84' lang='lat' dir='ltr'><strong>Vox</strong></span> <span class='ocrx_word' id='word_1_202' title='bbox 2425 2780 2579 2839; x_wconf 73' lang='lat' dir='ltr'><strong>legem</strong></span> 
     </span>
     <span class='ocr_line' id='line_1_24' title="bbox 367 2838 2577 2907; baseline 0.003 -20"><span class='ocrx_word' id='word_1_203' title='bbox 367 2838 420 2887; x_wconf 87' lang='lat' dir='ltr'><strong>in</strong></span> <span class='ocrx_word' id='word_1_204' title='bbox 445 2846 665 2887; x_wconf 81' lang='lat' dir='ltr'><strong>reeentt.</strong></span> <span class='ocrx_word' id='word_1_205' title='bbox 689 2840 894 2887; x_wconf 83' lang='lat' dir='ltr'><strong>demum</strong></span> <span class='ocrx_word' id='word_1_206' title='bbox 919 2839 1054 2889; x_wconf 88' lang='lat' dir='ltr'><strong>Edd.</strong></span> <span class='ocrx_word' id='word_1_207' title='bbox 1091 2839 1302 2889; x_wconf 79' lang='lat' dir='ltr'><strong>addita:</strong></span> <span class='ocrx_word' id='word_1_208' title='bbox 1339 2840 1390 2888; x_wconf 89' lang='lat' dir='ltr'><strong>in</strong></span> <span class='ocrx_word' id='word_1_209' title='bbox 1429 2840 1692 2904; x_wconf 77' lang='lat' dir='ltr'><strong>plerisque</strong></span> <span class='ocrx_word' id='word_1_210' title='bbox 1733 2848 1862 2891; x_wconf 79' lang='lat' dir='ltr'><strong>vett.</strong></span> <span class='ocrx_word' id='word_1_211' title='bbox 1894 2856 2037 2891; x_wconf 76' lang='lat' dir='ltr'><strong>eausa</strong></span> <span class='ocrx_word' id='word_1_212' title='bbox 2059 2857 2154 2907; x_wconf 81' lang='lat' dir='ltr'><strong>pro</strong></span> <span class='ocrx_word' id='word_1_213' title='bbox 2177 2858 2281 2893; x_wconf 71' lang='lat' dir='ltr'><strong>m</strong></span> <span class='ocrx_word' id='word_1_214' title='bbox 2300 2844 2485 2904; x_wconf 61' lang='lat' dir='ltr'><strong>legam·</strong></span> <span class='ocrx_word' id='word_1_215' title='bbox 2518 2850 2577 2893; x_wconf 87' lang='lat' dir='ltr'><strong>et</strong></span> 
     </span>
     <span class='ocr_line' id='line_1_25' title="bbox 369 2903 2577 2967; baseline 0.003 -15"><span class='ocrx_word' id='word_1_216' title='bbox 369 2903 535 2952; x_wconf 89' lang='lat' dir='ltr'><strong>Grou.</strong></span> <span class='ocrx_word' id='word_1_217' title='bbox 559 2903 693 2967; x_wconf 84' lang='lat' dir='ltr'><strong>conj.</strong></span> <span class='ocrx_word' id='word_1_218' title='bbox 713 2903 764 2951; x_wconf 75' lang='lat' dir='ltr'><strong>ia</strong></span> <span class='ocrx_word' id='word_1_219' title='bbox 788 2917 881 2965; x_wconf 81' lang='lat' dir='ltr'><strong>pro</strong></span> <span class='ocrx_word' id='word_1_220' title='bbox 901 2918 1005 2953; x_wconf 81' lang='lat' dir='ltr'><strong>eam</strong></span> <span class='ocrx_word' id='word_1_221' title='bbox 1026 2906 1060 2953; x_wconf 85' lang='lat'><strong>1.</strong></span> <span class='ocrx_word' id='word_1_222' title='bbox 1087 2904 1168 2953; x_wconf 83' lang='lat' dir='ltr'><strong>vel</strong></span> <span class='ocrx_word' id='word_1_223' title='bbox 1187 2904 1240 2953; x_wconf 74' lang='lat' dir='ltr'><strong>id</strong></span> <span class='ocrx_word' id='word_1_224' title='bbox 1259 2918 1370 2954; x_wconf 76' lang='lat' dir='ltr'><strong>nece</strong></span> <span class='ocrx_word' id='word_1_225' title='bbox 1392 2905 1426 2951; x_wconf 81' lang='lat' dir='ltr'><strong>l·</strong></span> <span class='ocrx_word' id='word_1_226' title='bbox 1446 2921 1487 2954; x_wconf 87' lang='lat' dir='ltr'><strong>e.</strong></span> <span class='ocrx_word' id='word_1_227' title='bbox 1507 2920 1548 2954; x_wconf 77' lang='lat' dir='ltr'><strong>s.</strong></span> <span class='ocrx_word' id='word_1_228' title='bbox 1569 2903 1679 2965; x_wconf 72' lang='lat' dir='ltr'><strong>jam</strong></span> <span class='ocrx_word' id='word_1_229' title='bbox 1710 2919 1763 2967; x_wconf 80' lang='lat' dir='ltr'><strong>p.</strong></span> <span class='ocrx_word' id='word_1_230' title='bbox 1795 2920 1839 2954; x_wconf 78' lang='lat' dir='ltr'><strong>s.</strong></span> <span class='ocrx_word' id='word_1_231' title='bbox 1906 2906 2148 2956; x_wconf 87' lang='lat' dir='ltr'><strong>Ceterum</strong></span> <span class='ocrx_word' id='word_1_232' title='bbox 2181 2907 2231 2955; x_wconf 82' lang='lat' dir='ltr'><strong>h.</strong></span> <span class='ocrx_word' id='word_1_233' title='bbox 2254 2908 2289 2957; x_wconf 89' lang='grc' dir='ltr'><strong>Ι.</strong></span> <span class='ocrx_word' id='word_1_234' title='bbox 2323 2908 2577 2958; x_wconf 75' lang='lat' dir='ltr'><strong>severitas</strong></span> 
     </span>
     <span class='ocr_line' id='line_1_26' title="bbox 365 2966 2577 3033; baseline 0.003 -17"><span class='ocrx_word' id='word_1_235' title='bbox 365 2968 425 3016; x_wconf 84' lang='grc' dir='ltr'><strong>Τ.</strong></span> <span class='ocrx_word' id='word_1_236' title='bbox 449 2967 630 3017; x_wconf 86' lang='lat' dir='ltr'><strong>Manlii</strong></span> <span class='ocrx_word' id='word_1_237' title='bbox 646 2968 900 3033; x_wconf 80' lang='lat' dir='ltr'><strong>Torquati</strong></span> <span class='ocrx_word' id='word_1_238' title='bbox 925 2977 980 3017; x_wconf 87' lang='lat' dir='ltr'><strong>et</strong></span> <span class='ocrx_word' id='word_1_239' title='bbox 1006 2968 1164 3019; x_wconf 84' lang='lat' dir='ltr'><strong>verba</strong></span> <span class='ocrx_word' id='word_1_240' title='bbox 1183 2968 1298 3031; x_wconf 80' lang='lat' dir='ltr'><strong>ejus</strong></span> <span class='ocrx_word' id='word_1_241' title='bbox 1316 2970 1381 3017; x_wconf 77' lang='lat' dir='ltr'><strong>sd</strong></span> <span class='ocrx_word' id='word_1_242' title='bbox 1401 2966 1560 3019; x_wconf 85' lang='lat' dir='ltr'><strong>filium</strong></span> <span class='ocrx_word' id='word_1_243' title='bbox 1585 2984 1701 3033; x_wconf 84' lang='lat' dir='ltr'><strong>sup.</strong></span> <span class='ocrx_word' id='word_1_244' title='bbox 1721 2983 1848 3019; x_wconf 79' lang='lat' dir='ltr'><strong>vul.</strong></span> <span class='ocrx_word' id='word_1_245' title='bbox 1870 2973 1920 3018; x_wconf 81' lang='grc'><strong>7.</strong></span> <span class='ocrx_word' id='word_1_246' title='bbox 1955 2972 1972 3001; x_wconf 87' lang='lat'>‘</span> <span class='ocrx_word' id='word_1_247' title='bbox 1991 2982 2159 3022; x_wconf 83' lang='lat' dir='ltr'><strong>morte</strong></span> <span class='ocrx_word' id='word_1_248' title='bbox 2185 2980 2274 3023; x_wconf 77' lang='lat' dir='ltr'><strong>tua</strong></span> <span class='ocrx_word' id='word_1_249' title='bbox 2294 2972 2577 3023; x_wconf 76' lang='lat' dir='ltr'><strong>sancienda</strong></span> 
     </span>
     <span class='ocr_line' id='line_1_27' title="bbox 367 3026 2578 3099; baseline 0.002 -18"><span class='ocrx_word' id='word_1_250' title='bbox 367 3044 490 3081; x_wconf 78' lang='lat' dir='ltr'><strong>sunt</strong></span> <span class='ocrx_word' id='word_1_251' title='bbox 514 3032 776 3082; x_wconf 73' lang='lat' dir='ltr'><strong>consulum</strong></span> <span class='ocrx_word' id='word_1_252' title='bbox 815 3026 1062 3094; x_wconf 76' lang='lat' dir='ltr'><strong>imperis’</strong></span> <span class='ocrx_word' id='word_1_253' title='bbox 1088 3032 1471 3097; x_wconf 56' lang='lat' dir='ltr'><strong>respiciuntur?</strong></span> <span class='ocrx_word' id='word_1_254' title='bbox 1491 3035 1797 3099; x_wconf 56' lang='lat' dir='ltr'><strong>Rupere—1</strong></span> <span class='ocrx_word' id='word_1_255' title='bbox 1833 3036 1953 3085; x_wconf 72' lang='lat' dir='ltr'><strong>Tum</strong></span> <span class='ocrx_word' id='word_1_256' title='bbox 1971 3036 2207 3089; x_wconf 70' lang='lat' dir='ltr'><strong>Pinarius</strong></span> <span class='ocrx_word' id='word_1_257' title='bbox 2225 3040 2297 3087; x_wconf 76' lang='lat' dir='ltr'><strong>eit</strong></span> <span class='ocrx_word' id='word_1_258' title='bbox 2318 3038 2419 3087; x_wconf 69' lang='lat' dir='ltr'><strong>iuis</strong></span> <span class='ocrx_word' id='word_1_259' title='bbox 2442 3037 2578 3087; x_wconf 85' lang='lat' dir='ltr'><strong>Edd.</strong></span> 
     </span>
     <span class='ocr_line' id='line_1_28' title="bbox 369 3097 2579 3163; baseline 0.003 -17"><span class='ocrx_word' id='word_1_260' title='bbox 369 3106 491 3146; x_wconf 81' lang='lat' dir='ltr'><strong>ante</strong></span> <span class='ocrx_word' id='word_1_261' title='bbox 532 3097 766 3147; x_wconf 79' lang='lat' dir='ltr'><strong>Gronov.</strong></span> <span class='ocrx_word' id='word_1_262' title='bbox 807 3112 924 3147; x_wconf 83' lang='lat' dir='ltr'><strong>mox</strong></span> <span class='ocrx_word' id='word_1_263' title='bbox 959 3099 1010 3147; x_wconf 90' lang='lat' dir='ltr'><strong>in</strong></span> <span class='ocrx_word' id='word_1_264' title='bbox 1054 3098 1234 3147; x_wconf 84' lang='lat' dir='ltr'><strong>iisdem</strong></span> <span class='ocrx_word' id='word_1_265' title='bbox 1281 3098 1473 3163; x_wconf 72' lang='lat' dir='ltr'><strong>legitur</strong></span> <span class='ocrx_word' id='word_1_266' title='bbox 1517 3099 1764 3149; x_wconf 72' lang='lat' dir='ltr'><strong>consilium</strong></span> <span class='ocrx_word' id='word_1_267' title='bbox 1808 3113 1903 3163; x_wconf 84' lang='lat' dir='ltr'><strong>pro</strong></span> <span class='ocrx_word' id='word_1_268' title='bbox 1936 3100 2302 3153; x_wconf 70' lang='lat' dir='ltr'><strong>concilium.—2</strong></span> <span class='ocrx_word' id='word_1_269' title='bbox 2338 3104 2579 3153; x_wconf 76' lang='lat' dir='ltr'><strong>Comma</strong></span> 
     </span>
     <span class='ocr_line' id='line_1_29' title="bbox 369 3162 1814 3214; baseline -0.001 -2"><span class='ocrx_word' id='word_1_270' title='bbox 369 3162 702 3213; x_wconf 77' lang='lat' dir='ltr'><strong>scribendum</strong></span> <span class='ocrx_word' id='word_1_271' title='bbox 725 3170 898 3213; x_wconf 85' lang='lat' dir='ltr'><strong>monet</strong></span> <span class='ocrx_word' id='word_1_272' title='bbox 921 3162 974 3214; x_wconf 85' lang='lat' dir='ltr'><strong>J.</strong></span> <span class='ocrx_word' id='word_1_273' title='bbox 1000 3163 1058 3213; x_wconf 75' lang='lat' dir='ltr'><strong>F.</strong></span> <span class='ocrx_word' id='word_1_274' title='bbox 1083 3164 1317 3213; x_wconf 75' lang='lat' dir='ltr'><strong>Gronov.</strong></span> <span class='ocrx_word' id='word_1_275' title='bbox 1387 3163 1510 3213; x_wconf 85' lang='lat' dir='ltr'><strong>Vid.</strong></span> <span class='ocrx_word' id='word_1_276' title='bbox 1533 3166 1665 3214; x_wconf 86' lang='lat' dir='ltr'><strong>Not.</strong></span> <span class='ocrx_word' id='word_1_277' title='bbox 1686 3164 1814 3213; x_wconf 73' lang='lat' dir='ltr'><strong>Ver.</strong></span> 
     </span>
    </p>
   </div>
   <div class='ocr_carea' id='block_1_6' title="bbox 435 3224 2581 3297">
    <p class='ocr_par' dir='ltr' id='par_1_7' title="bbox 435 3224 2581 3297">
     <span class='ocr_line' id='line_1_30' title="bbox 435 3224 2581 3297; baseline 0.003 -21"><span class='ocrx_word' id='word_1_278' title='bbox 435 3230 466 3276; x_wconf 71' lang='grc'><strong>8</strong></span> <span class='ocrx_word' id='word_1_279' title='bbox 505 3227 786 3277; x_wconf 76' lang='lat' dir='ltr'><strong>Convocatio</strong></span> <span class='ocrx_word' id='word_1_280' title='bbox 806 3227 1003 3293; x_wconf 69' lang='lat' dir='ltr'><strong>quibus:</strong></span> <span class='ocrx_word' id='word_1_281' title='bbox 1044 3229 1198 3278; x_wconf 76' lang='lat' dir='ltr'><strong>Credo</strong></span> <span class='ocrx_word' id='word_1_282' title='bbox 1226 3243 1314 3292; x_wconf 66' lang='lat' dir='ltr'><strong>ego</strong></span> <span class='ocrx_word' id='word_1_283' title='bbox 1347 3224 1477 3280; x_wconf 74' lang='lat' dir='ltr'><strong>Mu.</strong></span> <span class='ocrx_word' id='word_1_284' title='bbox 1525 3229 1649 3281; x_wconf 83' lang='lat' dir='ltr'><strong>vid.</strong></span> <span class='ocrx_word' id='word_1_285' title='bbox 1672 3228 1802 3281; x_wconf 84' lang='lat' dir='ltr'><strong>Not.</strong></span> <span class='ocrx_word' id='word_1_286' title='bbox 1826 3228 2047 3281; x_wconf 68' lang='lat' dir='ltr'><strong>Van—4</strong></span> <span class='ocrx_word' id='word_1_287' title='bbox 2073 3230 2090 3260; x_wconf 75' lang='lat'><strong>⁴</strong></span> <span class='ocrx_word' id='word_1_288' title='bbox 2114 3228 2431 3297; x_wconf 72' lang='lat' dir='ltr'><strong>Praepositio</strong></span> <span class='ocrx_word' id='word_1_289' title='bbox 2461 3232 2515 3281; x_wconf 73' lang='lat' dir='ltr'><strong>in</strong></span> <span class='ocrx_word' id='word_1_290' title='bbox 2547 3244 2581 3282; x_wconf 71' lang='lat' dir='ltr'><strong>a</strong></span> 
     </span>
    </p>
   </div>
   <div class='ocr_carea' id='block_1_7' title="bbox 1369 3358 1588 3411">
    <p class='ocr_par' dir='ltr' id='par_1_8' title="bbox 1369 3358 1588 3411">
     <span class='ocr_line' id='line_1_31' title="bbox 1369 3358 1588 3411; baseline 0 -2"><span class='ocrx_word' id='word_1_291' title='bbox 1369 3358 1588 3411; x_wconf 76' lang='lat' dir='ltr'><strong>NOTAE</strong></span> 
     </span>
    </p>
   </div>
   <div class='ocr_carea' id='block_1_8' title="bbox 367 3441 2579 4350">
    <p class='ocr_par' dir='ltr' id='par_1_9' title="bbox 367 3441 2579 4350">
     <span class='ocr_line' id='line_1_32' title="bbox 369 3441 2577 3523; baseline 0.003 -21"><span class='ocrx_word' id='word_1_292' title='bbox 369 3452 672 3503; x_wconf 81' lang='lat' dir='ltr'><strong>variandum</strong></span> <span class='ocrx_word' id='word_1_293' title='bbox 706 3456 944 3505; x_wconf 78' lang='lat' dir='ltr'><strong>sensnm?</strong></span> <span class='ocrx_word' id='word_1_294' title='bbox 1015 3454 1121 3505; x_wconf 78' lang='lat' dir='ltr'><strong>Res</strong></span> <span class='ocrx_word' id='word_1_295' title='bbox 1156 3456 1269 3520; x_wconf 80' lang='lat' dir='ltr'><strong>ipsa</strong></span> <span class='ocrx_word' id='word_1_296' title='bbox 1299 3441 1433 3507; x_wconf 80' lang='lat' dir='ltr'><strong>adeo</strong></span> <span class='ocrx_word' id='word_1_297' title='bbox 1514 3457 1809 3509; x_wconf 76' lang='lat' dir='ltr'><strong>emendatio</strong></span> <span class='ocrx_word' id='word_1_298' title='bbox 1840 3472 1907 3509; x_wconf 81' lang='lat' dir='ltr'><strong>ex</strong></span> <span class='ocrx_word' id='word_1_299' title='bbox 1947 3460 2189 3510; x_wconf 81' lang='lat' dir='ltr'><strong>Puteano</strong></span> <span class='ocrx_word' id='word_1_300' title='bbox 2224 3465 2392 3516; x_wconf 76' lang='lat' dir='ltr'><strong>eruta,</strong></span> <span class='ocrx_word' id='word_1_301' title='bbox 2423 3472 2577 3523; x_wconf 76' lang='lat' dir='ltr'><strong>quarn</strong></span> 
     </span>
     <span class='ocr_line' id='line_1_33' title="bbox 367 3530 2579 3600; baseline 0.002 -19"><span class='ocrx_word' id='word_1_302' title='bbox 367 3537 494 3581; x_wconf 77' lang='lat' dir='ltr'><strong>nota</strong></span> <span class='ocrx_word' id='word_1_303' title='bbox 533 3538 616 3581; x_wconf 76' lang='lat' dir='ltr'><strong>est</strong></span> <span class='ocrx_word' id='word_1_304' title='bbox 649 3545 716 3581; x_wconf 82' lang='lat' dir='ltr'><strong>ex</strong></span> <span class='ocrx_word' id='word_1_305' title='bbox 752 3530 994 3596; x_wconf 76' lang='lat' dir='ltr'><strong>Polybio,</strong></span> <span class='ocrx_word' id='word_1_306' title='bbox 1017 3534 1285 3598; x_wconf 76' lang='lat' dir='ltr'><strong>Suetonio,</strong></span> <span class='ocrx_word' id='word_1_307' title='bbox 1307 3535 1434 3600; x_wconf 77' lang='lat' dir='ltr'><strong>legi·</strong></span> <span class='ocrx_word' id='word_1_308' title='bbox 1515 3542 1734 3600; x_wconf 76' lang='lat' dir='ltr'><strong>recepta</strong></span> <span class='ocrx_word' id='word_1_309' title='bbox 1760 3536 1921 3590; x_wconf 77' lang='lat' dir='ltr'><strong>lectio</strong></span> <span class='ocrx_word' id='word_1_310' title='bbox 1958 3542 2061 3587; x_wconf 69' lang='lat' dir='ltr'><strong>tun</strong></span> <span class='ocrx_word' id='word_1_311' title='bbox 2096 3536 2335 3587; x_wconf 61' lang='lat' dir='ltr'><strong>Pinari„</strong></span> <span class='ocrx_word' id='word_1_312' title='bbox 2353 3537 2427 3587; x_wconf 74' lang='lat' dir='ltr'><strong>eit</strong></span> <span class='ocrx_word' id='word_1_313' title='bbox 2446 3536 2579 3587; x_wconf 72' lang='lat' dir='ltr'><strong>illie.-</strong></span> 
     </span>
     <span class='ocr_line' id='line_1_34' title="bbox 368 3605 2578 3678; baseline 0.003 -23"><span class='ocrx_word' id='word_1_314' title='bbox 368 3605 466 3656; x_wconf 76' lang='lat' dir='ltr'><strong>bus</strong></span> <span class='ocrx_word' id='word_1_315' title='bbox 505 3607 654 3672; x_wconf 77' lang='lat' dir='ltr'><strong>ipsis,</strong></span> <span class='ocrx_word' id='word_1_316' title='bbox 697 3614 757 3658; x_wconf 88' lang='lat' dir='ltr'><strong>ut</strong></span> <span class='ocrx_word' id='word_1_317' title='bbox 799 3608 1189 3662; x_wconf 79' lang='lat' dir='ltr'><strong>confirmatione</strong></span> <span class='ocrx_word' id='word_1_318' title='bbox 1234 3625 1338 3661; x_wconf 86' lang='lat' dir='ltr'><strong>non</strong></span> <span class='ocrx_word' id='word_1_319' title='bbox 1379 3624 1434 3661; x_wconf 82' lang='lat' dir='ltr'><strong>e·</strong></span> <span class='ocrx_word' id='word_1_320' title='bbox 1513 3610 1643 3661; x_wconf 77' lang='lat' dir='ltr'><strong>satis</strong></span> <span class='ocrx_word' id='word_1_321' title='bbox 1678 3611 1815 3661; x_wconf 84' lang='lat' dir='ltr'><strong>enirn</strong></span> <span class='ocrx_word' id='word_1_322' title='bbox 1852 3613 2159 3678; x_wconf 70' lang='lat' dir='ltr'><strong>intelligitur</strong></span> <span class='ocrx_word' id='word_1_323' title='bbox 2192 3611 2319 3663; x_wconf 77' lang='lat' dir='ltr'><strong>illud</strong></span> <span class='ocrx_word' id='word_1_324' title='bbox 2352 3613 2455 3670; x_wconf 72' lang='lat' dir='ltr'><strong>aits</strong></span> <span class='ocrx_word' id='word_1_325' title='bbox 2488 3626 2578 3662; x_wconf 83' lang='lat' dir='ltr'><strong>ne-</strong></span> 
     </span>
     <span class='ocr_line' id='line_1_35' title="bbox 371 3687 2577 3754; baseline 0.001 -21"><span class='ocrx_word' id='word_1_326' title='bbox 371 3691 514 3749; x_wconf 72' lang='lat' dir='ltr'><strong>gent.</strong></span> <span class='ocrx_word' id='word_1_327' title='bbox 1430 3702 1440 3721; x_wconf 90' lang='lat'><strong>·</strong></span> <span class='ocrx_word' id='word_1_328' title='bbox 1517 3702 1616 3751; x_wconf 82' lang='lat' dir='ltr'><strong>qne</strong></span> <span class='ocrx_word' id='word_1_329' title='bbox 1656 3687 1789 3739; x_wconf 80' lang='lat' dir='ltr'><strong>adeo</strong></span> <span class='ocrx_word' id='word_1_330' title='bbox 1830 3688 2083 3754; x_wconf 76' lang='lat' dir='ltr'><strong>exemplis</strong></span> <span class='ocrx_word' id='word_1_331' title='bbox 2120 3702 2250 3752; x_wconf 80' lang='lat' dir='ltr'><strong>opus</strong></span> <span class='ocrx_word' id='word_1_332' title='bbox 2274 3701 2389 3751; x_wconf 68' lang='lat' dir='ltr'><strong>qun</strong></span> <span class='ocrx_word' id='word_1_333' title='bbox 2411 3687 2577 3738; x_wconf 80' lang='lat' dir='ltr'><strong>Grou.</strong></span> 
     </span>
     <span class='ocr_line' id='line_1_36' title="bbox 433 3760 2579 3829; baseline 0.001 -19"><span class='ocrx_word' id='word_1_334' title='bbox 433 3766 458 3794; x_wconf 76' lang='lat'>⁸</span> <span class='ocrx_word' id='word_1_335' title='bbox 493 3760 626 3813; x_wconf 80' lang='lat' dir='ltr'><strong>Nece</strong></span> <span class='ocrx_word' id='word_1_336' title='bbox 645 3762 896 3814; x_wconf 74' lang='lat' dir='ltr'><strong>liberorum</strong></span> <span class='ocrx_word' id='word_1_337' title='bbox 918 3762 1065 3815; x_wconf 79' lang='lat' dir='ltr'><strong>etiam</strong></span> <span class='ocrx_word' id='word_1_338' title='bbox 1083 3764 1298 3829; x_wconf 68' lang='lat' dir='ltr'><strong>nom]</strong></span> <span class='ocrx_word' id='word_1_339' title='bbox 1347 3763 1434 3816; x_wconf 81' lang='lat' dir='ltr'><strong>Ad</strong></span> <span class='ocrx_word' id='word_1_340' title='bbox 1512 3771 1807 3814; x_wconf 78' lang='lat' dir='ltr'><strong>coacervat.</strong></span> <span class='ocrx_word' id='word_1_341' title='bbox 1872 3762 1968 3815; x_wconf 78' lang='lat' dir='ltr'><strong>Ait</strong></span> <span class='ocrx_word' id='word_1_342' title='bbox 2009 3764 2190 3829; x_wconf 81' lang='lat' dir='ltr'><strong>itaque</strong></span> <span class='ocrx_word' id='word_1_343' title='bbox 2233 3762 2491 3826; x_wconf 76' lang='lat' dir='ltr'><strong>Pinarius,</strong></span> <span class='ocrx_word' id='word_1_344' title='bbox 2530 3762 2579 3813; x_wconf 77' lang='lat' dir='ltr'><strong>si</strong></span> 
     </span>
     <span class='ocr_line' id='line_1_37' title="bbox 370 3838 2577 3908; baseline -0.001 -19"><span class='ocrx_word' id='word_1_345' title='bbox 370 3838 626 3889; x_wconf 75' lang='lat' dir='ltr'><strong>Manlium</strong></span> <span class='ocrx_word' id='word_1_346' title='bbox 677 3838 840 3891; x_wconf 81' lang='lat' dir='ltr'><strong>filium</strong></span> <span class='ocrx_word' id='word_1_347' title='bbox 897 3842 1164 3905; x_wconf 80' lang='lat' dir='ltr'><strong>respicere</strong></span> <span class='ocrx_word' id='word_1_348' title='bbox 1211 3841 1436 3908; x_wconf 81' lang='lat' dir='ltr'><strong>videtur,</strong></span> <span class='ocrx_word' id='word_1_349' title='bbox 1512 3840 1586 3890; x_wconf 84' lang='lat' dir='ltr'><strong>mi</strong></span> <span class='ocrx_word' id='word_1_350' title='bbox 1609 3841 1675 3889; x_wconf 76' lang='lat' dir='ltr'><strong>ad</strong></span> <span class='ocrx_word' id='word_1_351' title='bbox 1694 3842 1953 3891; x_wconf 80' lang='lat' dir='ltr'><strong>consulem</strong></span> <span class='ocrx_word' id='word_1_352' title='bbox 1978 3847 2325 3904; x_wconf 72' lang='lat' dir='ltr'><strong>gravarentur</strong></span> <span class='ocrx_word' id='word_1_353' title='bbox 2347 3838 2577 3895; x_wconf 83' lang='lat' dir='ltr'><strong>mittere,</strong></span> 
     </span>
     <span class='ocr_line' id='line_1_38' title="bbox 368 3914 2577 3981; baseline -0.001 -16"><span class='ocrx_word' id='word_1_354' title='bbox 368 3916 458 3979; x_wconf 87' lang='lat' dir='ltr'><strong>qui</strong></span> <span class='ocrx_word' id='word_1_355' title='bbox 503 3914 782 3966; x_wconf 75' lang='lat' dir='ltr'><strong>dimicandi</strong></span> <span class='ocrx_word' id='word_1_356' title='bbox 847 3931 1000 3967; x_wconf 74' lang='lat' dir='ltr'><strong>causa</strong></span> <span class='ocrx_word' id='word_1_357' title='bbox 1046 3916 1291 3981; x_wconf 74' lang='lat' dir='ltr'><strong>praesidio</strong></span> <span class='ocrx_word' id='word_1_358' title='bbox 1342 3932 1435 3967; x_wconf 73' lang='lat' dir='ltr'><strong>seu</strong></span> <span class='ocrx_word' id='word_1_359' title='bbox 1513 3924 1570 3968; x_wconf 77' lang='lat' dir='ltr'><strong>at</strong></span> <span class='ocrx_word' id='word_1_360' title='bbox 1599 3915 1699 3967; x_wconf 81' lang='lat' dir='ltr'><strong>sibi</strong></span> <span class='ocrx_word' id='word_1_361' title='bbox 1734 3918 1917 3969; x_wconf 77' lang='lat' dir='ltr'><strong>saltem</strong></span> <span class='ocrx_word' id='word_1_362' title='bbox 1940 3914 2127 3967; x_wconf 79' lang='lat' dir='ltr'><strong>darent</strong></span> <span class='ocrx_word' id='word_1_363' title='bbox 2161 3914 2341 3981; x_wconf 83' lang='lat' dir='ltr'><strong>populi</strong></span> <span class='ocrx_word' id='word_1_364' title='bbox 2362 3914 2577 3964; x_wconf 84' lang='lat' dir='ltr'><strong>concili-</strong></span> 
     </span>
     <span class='ocr_line' id='line_1_39' title="bbox 369 3992 1620 4057; baseline 0.002 -17"><span class='ocrx_word' id='word_1_365' title='bbox 369 3992 594 4041; x_wconf 79' lang='lat' dir='ltr'><strong>statioue</strong></span> <span class='ocrx_word' id='word_1_366' title='bbox 617 3993 993 4057; x_wconf 74' lang='lat' dir='ltr'><strong>quodaminodo</strong></span> <span class='ocrx_word' id='word_1_367' title='bbox 1015 3992 1331 4050; x_wconf 75' lang='lat' dir='ltr'><strong>decesserat,</strong></span> <span class='ocrx_word' id='word_1_368' title='bbox 1353 3994 1436 4043; x_wconf 77' lang='lat' dir='ltr'><strong>vel</strong></span> <span class='ocrx_word' id='word_1_369' title='bbox 1513 4008 1620 4043; x_wconf 84' lang='lat' dir='ltr'><strong>um.</strong></span> 
     </span>
     <span class='ocr_line' id='line_1_40' title="bbox 372 4065 2575 4134; baseline 0 -17"><span class='ocrx_word' id='word_1_370' title='bbox 372 4077 520 4117; x_wconf 85' lang='lat' dir='ltr'><strong>certe</strong></span> <span class='ocrx_word' id='word_1_371' title='bbox 542 4078 727 4119; x_wconf 79' lang='lat' dir='ltr'><strong>contra</strong></span> <span class='ocrx_word' id='word_1_372' title='bbox 752 4068 1133 4134; x_wconf 68' lang='lat' dir='ltr'><strong>patri-jussum</strong></span> <span class='ocrx_word' id='word_1_373' title='bbox 1153 4068 1436 4120; x_wconf 79' lang='lat' dir='ltr'><strong>dimicave-</strong></span> <span class='ocrx_word' id='word_1_374' title='bbox 1578 4076 1606 4111; x_wconf 73' lang='grc' dir='ltr'><strong><em>Ρ</em></strong></span> <span class='ocrx_word' id='word_1_375' title='bbox 1639 4068 1904 4118; x_wconf 74' lang='lat' dir='ltr'><strong>Paucorum</strong></span> <span class='ocrx_word' id='word_1_376' title='bbox 1940 4082 1997 4118; x_wconf 77' lang='lat' dir='ltr'><strong>ea</strong></span> <span class='ocrx_word' id='word_1_377' title='bbox 2032 4067 2338 4131; x_wconf 69' lang='lat' dir='ltr'><strong>denuntiato]</strong></span> <span class='ocrx_word' id='word_1_378' title='bbox 2383 4065 2575 4118; x_wconf 78' lang='lat' dir='ltr'><strong>Melius</strong></span> 
     </span>
     <span class='ocr_line' id='line_1_41' title="bbox 375 4142 2577 4210; baseline 0 -17"><span class='ocrx_word' id='word_1_379' title='bbox 375 4151 478 4194; x_wconf 82' lang='lat' dir='ltr'><strong>rat.</strong></span> <span class='ocrx_word' id='word_1_380' title='bbox 1516 4143 1655 4195; x_wconf 84' lang='lat' dir='ltr'><strong>forte</strong></span> <span class='ocrx_word' id='word_1_381' title='bbox 1677 4145 1813 4210; x_wconf 86' lang='lat' dir='ltr'><strong>quod</strong></span> <span class='ocrx_word' id='word_1_382' title='bbox 1854 4152 2139 4205; x_wconf 65' lang='lat' dir='ltr'><strong>auguratur</strong></span> <span class='ocrx_word' id='word_1_383' title='bbox 2174 4142 2311 4194; x_wconf 85' lang='lat' dir='ltr'><strong>idem</strong></span> <span class='ocrx_word' id='word_1_384' title='bbox 2342 4143 2577 4194; x_wconf 75' lang='lat' dir='ltr'><strong>Gronov-</strong></span> 
     </span>
     <span class='ocr_line' id='line_1_42' title="bbox 437 4220 1977 4286; baseline 0 -17"><span class='ocrx_word' id='word_1_385' title='bbox 437 4228 462 4254; x_wconf 85' lang='lat'><strong>⁰</strong></span> <span class='ocrx_word' id='word_1_386' title='bbox 499 4220 618 4269; x_wconf 74' lang='lat' dir='ltr'><strong>Tm</strong></span> <span class='ocrx_word' id='word_1_387' title='bbox 639 4220 873 4272; x_wconf 73' lang='lat' dir='ltr'><strong>Pinarius</strong></span> <span class='ocrx_word' id='word_1_388' title='bbox 886 4240 902 4271; x_wconf 92' lang='lat'><strong>.·</strong></span> <span class='ocrx_word' id='word_1_389' title='bbox 925 4228 979 4272; x_wconf 78' lang='lat' dir='ltr'><strong>ut</strong></span> <span class='ocrx_word' id='word_1_390' title='bbox 999 4221 1094 4285; x_wconf 74' lang='lat' dir='ltr'><strong>ini,</strong></span> <span class='ocrx_word' id='word_1_391' title='bbox 1113 4220 1184 4285; x_wconf 73' lang='lat' dir='ltr'><strong>si]</strong></span> <span class='ocrx_word' id='word_1_392' title='bbox 1215 4222 1436 4286; x_wconf 76' lang='lat' dir='ltr'><strong>Elegan-</strong></span> <span class='ocrx_word' id='word_1_393' title='bbox 1515 4220 1817 4271; x_wconf 70' lang='lat' dir='ltr'><strong>denuntiatio</strong></span> <span class='ocrx_word' id='word_1_394' title='bbox 1838 4225 1977 4271; x_wconf 69' lang='lat' dir='ltr'><strong>estet.</strong></span> 
     </span>
     <span class='ocr_line' id='line_1_43' title="bbox 375 4297 1437 4350; baseline 0 -3"><span class='ocrx_word' id='word_1_395' title='bbox 375 4297 481 4348; x_wconf 87' lang='lat' dir='ltr'><strong>tior</strong></span> <span class='ocrx_word' id='word_1_396' title='bbox 517 4311 642 4347; x_wconf 76' lang='lat' dir='ltr'><strong>sane</strong></span> <span class='ocrx_word' id='word_1_397' title='bbox 680 4299 801 4349; x_wconf 82' lang='lat' dir='ltr'><strong>mihi</strong></span> <span class='ocrx_word' id='word_1_398' title='bbox 826 4299 1029 4350; x_wconf 83' lang='lat' dir='ltr'><strong>videtur</strong></span> <span class='ocrx_word' id='word_1_399' title='bbox 1049 4298 1160 4348; x_wconf 71' lang='lat' dir='ltr'><strong>haec</strong></span> <span class='ocrx_word' id='word_1_400' title='bbox 1185 4297 1437 4349; x_wconf 80' lang='lat' dir='ltr'><strong>Gronorii</strong></span> 
     </span>
    </p>
   </div>
  </div>
 </body>
</html>
