3300 5225
1051 488 1198 538 mn.
1245 486 1422 537 xxi.
1465 488 1628 537 cu.
1672 470 1740 537 8.
2333 469 2507 539 1665

285 631 740 700 multitudinis
795 631 1228 715 incremento,
1291 654 1413 700 sen
1472 634 1834 701 sanctitate
1892 633 2304 720 disciplinae,
2363 651 2505 720 qua

287 734 496 801 fidem
527 736 850 803 socialem
878 756 1096 821 usque
1127 738 1214 803 ad
1247 738 1604 821 perniciem
1637 758 1828 803 suam
1858 737 2218 804 coluerunt.
2309 738 2500 803 Han-

286 838 512 918 nibal,
549 840 798 905 infesto
845 842 1142 905 exercitu
1187 841 1524 925 ingressus
1571 841 1766 920 fineS,
1797 842 2197 926 pervastatis
2242 842 2501 925 passim

285 942 496 1024 agris,
539 944 768 1008 urbem
814 944 1144 1028 tripartito
1191 946 1586 1028 aggreditur.
1676 943 1983 1027 Angulus
2028 944 2202 1007 muri
2244 950 2389 1008 erat
2432 944 2502 1008 in

281 1044 658 1128 planiorem
705 1048 1292 1132 patentioremque,
1321 1067 1523 1131 quam
1568 1054 1790 1115 cetera
1836 1046 2041 1123 circa,
2072 1043 2318 1111 vallem
2349 1066 2500 1112 ver-

283 1168 477 1233 gens.
551 1149 899 1217 Adversus
927 1172 1078 1217 eum
1109 1154 1344 1217 vineas
1375 1148 1596 1235 agerei
1626 1151 1943 1229 instituit,
1970 1171 2089 1235 per
2115 1170 2287 1235 quas
2317 1152 2499 1215 aries

279 1253 630 1320 rnoeuibus
679 1255 1024 1321 admoveri
1075 1264 1330 1339 posset.
1451 1255 1582 1319 Sed
1641 1261 1719 1319 ut
1768 1254 1967 1320 locus
2019 1255 2253 1339 procul
2304 1274 2494 1319 muro

281 1358 457 1423 satis
517 1378 761 1443 aequus
818 1359 1090 1442 agendis
1141 1359 1356 1423 vineis
1399 1358 1563 1440 fuit3
1621 1360 1717 1423 ita
1760 1359 2291 1444 haudquaquam
2340 1378 2491 1443 pro-

279 1478 508 1544 spere,
551 1470 918 1546 postquam
972 1462 1055 1526 ad
1106 1461 1414 1527 effectum
1473 1464 1697 1545 operis
1746 1468 2011 1527 ventum
2064 1468 2190 1539 est,
2238 1463 2492 1547 coeptis

277 1563 712 1631 succedebat.
799 1564 888 1631 Et
929 1568 1128 1631 turris
1171 1566 1408 1647 ingens
1453 1565 1884 1631 imminebat:
1930 1570 1997 1630 et
2024 1584 2269 1643 muruS,
2303 1572 2379 1630 ut
2422 1566 2491 1631 in

279 1672 605 1752 suspecto
644 1668 822 1746 loco,
865 1688 1069 1752 supra
1116 1675 1358 1733 ceterae
1408 1668 1682 1733 modum
1728 1667 2108 1734 altitudinis
2154 1668 2491 1735 emunitus

276 1769 499 1835 eratz⁶
544 1776 614 1835 et
646 1770 975 1855 juventus
1016 1769 1299 1848 delecta,
1329 1770 1446 1834 ubi
1480 1772 1835 1854 plurimum
1871 1771 2149 1855 periculi
2181 1790 2263 1837 ac
2304 1772 2492 1837 labo·

271 1872 370 1936 ris
389 1880 448 1922 ¹⁷
491 1873 981 1954 ostendebatur,
1012 1874 1108 1938 ibi
1152 1876 1218 1938 vi
1250 1872 1502 1959 majore
1533 1873 2029 1939 obsistebant.¹⁸
2066 1908 2071 1916 =
2116 1873 2225 1939 Ac
2269 1874 2491 1958 primo

273 1974 654 2041 missilibus
701 1996 1117 2044 summovere
1159 1978 1440 2056 hostem,
1481 1998 1606 2042 nec
1653 1979 2013 2062 quicquam
2057 1977 2229 2042 satis
2267 1983 2488 2043 tutum

271 2078 734 2145 munientibus
785 2079 975 2164 pati!
1063 2080 1321 2145 Deinde
1355 2083 1501 2167 jam
1551 2100 1688 2145 non
1733 2100 1859 2164 pro
1904 2080 2244 2145 moenibus
2285 2079 2485 2145 modo

271 2187 487 2266 atque
534 2183 695 2249 turri
738 2184 870 2248 tela
912 2183 1180 2261 micare,
1213 2184 1332 2249 sed
1367 2183 1450 2248 ad
1483 2182 1965 2267 erumpendum
1994 2183 2197 2247 etiam
2240 2181 2310 2245 in
2346 2188 2487 2249 sta·-

269 2284 496 2349 tiones
525 2304 864 2369 operaque
890 2286 1184 2351 hostium
1215 2286 1478 2351 animus
1509 2292 1649 2351 erat
1671 2285 1721 2350 :¹
1762 2286 2012 2370 quibus
2036 2284 2484 2351 tumultuariis

269 2387 756 2453 certaminibus
783 2386 965 2452 haud
995 2388 1196 2453 ferme
1236 2388 1462 2471 p'lures
1491 2388 1847 2470 Saguntini
1892 2387 2243 2465 cadebant,
2276 2405 2483 2473 quam

267 2487 503 2555 Poeni.
578 2489 680 2555 Ut
705 2509 860 2555 vero
889 2490 1228 2556 Hannibal
1254 2492 1426 2575 ipse,
1449 2490 1605 2555 dum
1629 2510 1885 2555 murum
1912 2490 2251 2557 incautius
2279 2492 2483 2572 subit,

269 2591 641 2659 adversum
663 2592 928 2659 femur*
949 2590 1243 2677 tragula*
1264 2594 1551 2680 graviter
1569 2594 1743 2668 ictus
1766 2595 2009 2662 cecidit
2028 2615 2046 2677 3
2094 2603 2279 2662 tanta
2302 2595 2486 2662 circa

265 2694 439 2778 fuga
468 2716 554 2762 ac
583 2698 950 2782 trepidatio
975 2699 1121 2779 fuit,
1147 2705 1228 2765 ut
1261 2718 1396 2765 non
1427 2699 1711 2765 multum
1742 2701 2039 2780 abesset,
2068 2699 2231 2785 quin
2273 2718 2483 2783 opera

269 2818 352 2866 ac
377 2798 604 2866 vineae
631 2799 1101 2867 desererentur.

351 2902 426 2969 8.
470 2903 764 2971 Obsidio
808 2905 1048 2971 deinde
1091 2925 1212 2991 per
1240 2925 1500 2990 paucos
1530 2906 1679 2973 dies
1714 2906 1957 2991 magiS,
1985 2926 2189 2991 quam
2220 2927 2482 2992 oppug-

266 3008 479 3087 natio,
509 3007 658 3088 suit,
689 3008 848 3074 dum
891 3009 1129 3076 vulnus
1161 3008 1354 3075 ducis
1385 3020 1744 3076 curaretur.
1838 3010 1969 3075 Per
1996 3009 2181 3094 quod
2212 3017 2479 3096 tempus

267 3120 340 3178 ut
382 3111 585 3196 quies
629 3112 1054 3179 certaminum
1092 3117 1258 3194 erat,
1289 3112 1391 3180 ita
1433 3114 1518 3180 ab
1552 3120 1888 3201 apparatu
1915 3133 2187 3199 operum
2219 3133 2301 3180 ac
2333 3133 2479 3180 mu·

211 3291 218 3298 “
255 3275 270 3286 ’
329 3294 349 3328 ¹
379 3295 652 3346 Ado-osma
674 3295 900 3348 muniens.
1312 3305 1321 3312 “

330 3358 358 3393 ¹¹
393 3362 465 3412 Et
487 3361 752 3424 Saguntini
769 3363 895 3414 nihil
915 3361 1240 3428 relinquebant
1267 3368 1420 3414 tutum
1441 3361 1653 3415 hostibus
1673 3363 1756 3428 qui
1773 3361 2059 3414 mitione
2076 3361 2299 3412 advertus
2319 3373 2477 3410 maroe

266 3426 872 3556 “Gugzttantoemjacula
889 3507 916 3542 e
933 3495 1084 3544 nmis
1103 3493 1432 3558 vibrabantur,
1455 3496 1539 3545 ned
1555 3495 1790 3545 audebunt
1810 3491 2091 3556 Saguntini,
2110 3491 2191 3555 &c-

327 3564 366 3590 1·
401 3557 468 3606 1¹·
479 3561 620 3621 parte
633 3557 839 3617 semoris
854 3562 1109 3611 «κωνίου-ε.

1190 3689 1248 3710 00
1255 3689 1552 3710 ΝΟΟΝΜ

331 3791 396 3838 17
439 3787 458 3814 ‘
481 3787 548 3837 Iu
572 3791 796 3851 quatuor
813 3787 1020 3852 seriptis
1046 3789 1298 3853 reperisse
1331 3790 1570 3840 memini:
1601 3804 1659 3839 ae
1679 3788 1881 3839 timoris.
1948 3787 2019 3837 Et
2040 3785 2117 3836 sio
2138 3781 2361 3848 Aldiuaz
2394 3781 2473 3832 sic

265 3867 480 3972 :aim
515 3853 658 3906 Ποῖ.
694 3861 750 3904 et
788 3853 1094 3906 Gudianus-²
1124 3856 1183 3906 J.
1225 3857 1284 3907 F.
1320 3857 1664 3907 Granum—18
1696 3855 1821 3904 Vet.
1858 3852 1949 3904 lib.
1985 3851 2123 3918 apud
2166 3851 2345 3914 Sigon.
2392 3849 2473 3897 ob·

1256 4018 1306 4068 N
1314 4017 1482 4068 0⁰1·AE

343 4112 732 4177 ‘V'ffl‘ssflgml
755 4111 892 4163 Gan.
917 4113 1066 4163 Faire
1081 4113 1165 4164 den
1182 4115 1320 4176 gaze-
1403 4115 1640 4165 Fuerunt
1677 4117 1849 4164 nutem
1884 4109 1989 4161 duo
2026 4108 2342 4172 tragularum
2376 4121 2469 4170 ge-

265 4187 356 4240 ria
376 4205 499 4254 pour
521 4189 782 4253 approche·-
797 4205 828 4238 a
845 4195 1048 4246 auvert,
1079 4206 1138 4240 ou
1159 4197 1323 4241 autres
1401 4205 1551 4240 uerae
1586 4191 1699 4240 alim
1722 4203 1894 4254 manu,
1913 4188 2029 4238 alioe
2054 4187 2327 4236 tormentis
2350 4185 2468 4235 mit·

265 4279 490 4328 ΜΒ*
506 4265 797 4314 80'15101’1‘8·
1403 4269 1666 4325 tebaunm
1687 4273 1743 4316 et
1772 4267 1849 4316 bae
1884 4264 2111 4316 atrocius
2144 4263 2467 4326 sauciabant,

324 4341 348 4375 Β
381 4340 623 4404 stagnio]
655 4341 836 4392 Genus
867 4339 970 4394 fuit
1002 4343 1116 4406 teli,
1144 4343 1256 4394 sive
1291 4359 1325 4394 a
1401 4352 1458 4397 ‘et
1510 4348 1815 4411 plerumque
1866 4347 2071 4393 scutum
2127 4347 2219 4392 aut
2275 4354 2466 4406 corpus

268 4419 587 4486 trajiciendo,
617 4418 729 4470 aive
761 4433 796 4470 a
824 4419 1077 4473 trahendo
1110 4421 1323 4475 dictum.
1402 4419 1914 4475 transverberabant.
