3300 5225
846 510 1023 580 1922
1783 529 1852 576 τ.
1898 527 2086 579 mvn

848 675 1199 744 movebat:
1244 691 1651 762 qumquam,
1684 691 1838 760 qum
1863 675 2068 743 facile
2095 693 2358 742 omnem
2383 673 2780 762 patientiam
2807 677 3040 743 vince·

848 785 1007 856 rent,
1054 778 1525 846 nuntiabantur
1572 799 1617 846 a
1659 777 1982 845 Casilino.
2087 777 2269 846 Nam
2313 787 2402 859 et,
2444 782 2918 866 praecipitasse
2965 801 3046 846 se

849 883 1181 966 quosdam
1208 901 1345 948 non
1374 881 1730 948 tolerantes
1755 881 2026 960 famem,
2055 881 2438 960 constabat,
2459 888 2530 947 et
2549 888 2728 948 stare
2757 883 3046 948 inermes

849 983 919 1050 in
962 985 1195 1064 muris,
1236 982 1417 1050 nuda
1458 1003 1746 1069 corpora
1788 982 1876 1049 ad
1914 983 2278 1052 missilium
2326 984 2604 1050 telorum
2653 985 2832 1052 ictus
2871 1005 3047 1070 prae-

848 1087 1103 1154 bentes.
1188 1087 1291 1152 Ea
1348 1107 1521 1172 aegre
1570 1085 1832 1172 patiens
1877 1085 2252 1166 Gracchus,
2281 1105 2442 1154 cum
2483 1106 2708 1173 neque
2749 1107 3044 1174 pugnam

852 1209 1201 1256 conserere
1250 1187 1597 1256 dictatoris
1653 1189 1917 1276 injussu
1967 1189 2263 1269 auderet,
2311 1187 2774 1276 (pugnandum
2815 1199 3046 1256 autem

852 1313 1035 1373 esse,
1076 1295 1139 1361 si
1193 1294 1421 1379 palam
1464 1291 1869 1358 frumentum
1909 1293 2318 1379 importaret,
2369 1291 2780 1378 videbat‚)¹⁶
2825 1313 3050 1379 neque

850 1396 1031 1462 clam
1088 1395 1491 1482 importandi
1540 1415 1700 1482 spes
1745 1401 1953 1477 esset,
2001 1395 2196 1472 farre,
2247 1417 2338 1462 ex
2381 1397 2558 1482 agris
2601 1397 2786 1462 circa
2849 1398 3049 1462 undi-

850 1517 985 1584 que
1040 1507 1391 1579 convecto,
1444 1517 1597 1564 curn
1650 1497 1995 1583 complura
2035 1497 2216 1564 dolia
2253 1499 2684 1584 complesset,
2743 1501 3048 1566 nuntium

852 1598 941 1664 ad
1004 1600 1459 1684 magistratum
1532 1598 1906 1666 Casilinum
1983 1601 2186 1682 misit,
2241 1607 2320 1666 ut
2391 1602 2780 1686 exciperent
2836 1601 3049 1679 dolia,

852 1725 1007 1790 quae
1052 1707 1267 1770 amnis
1310 1704 1614 1771 deferret.
1699 1703 2098 1790 Insequenti
2139 1711 2366 1784 nocte,
2409 1705 2684 1771 intentis
2731 1705 3050 1770 omnibus

852 1807 919 1872 in
948 1807 1186 1874 flumen
1215 1828 1301 1875 ac
1325 1827 1517 1894 spem
1560 1808 1648 1874 ab
1681 1809 1916 1872 nuntio
1947 1807 2256 1873 Romano
2301 1807 2575 1885 factam,
2611 1805 2800 1872 dolia
2827 1807 3050 1872 medio

850 1908 1069 1976 missa
1120 1911 1301 1976 amni
1330 1910 1760 1976 defluxerunt
1775 1929 1794 1976 ε
1810 1909 1840 1948 ⁴
1863 1910 2220 1995 aequaliter
2257 1911 2438 1978 inter
2480 1929 2716 1976 omnes
2761 1909 3050 1976 frumen-

855 2018 995 2078 tum
1046 2011 1363 2080 divisum.
1454 2012 1540 2080 ld
1592 2019 1862 2098 postero
1917 2032 2189 2099 quoque
2235 2013 2344 2080 die
2399 2031 2484 2080 ac
2535 2013 2736 2080 tertio
2785 2011 3048 2079 factum

853 2124 985 2183 est.
1070 2115 1299 2184 Nocte
1326 2126 1399 2183 et
1424 2117 1848 2184 mittebantur
1883 2125 1954 2182 et
1978 2118 2454 2202 perveniebant
2471 2135 2492 2179 ε
2510 2125 2562 2168 ¹⁷
2588 2136 2671 2182 eo
2699 2115 3048 2183 custodias

854 2219 1151 2286 hostium
1203 2213 1553 2288 fallebant'.
1658 2219 2000 2286 Imbribus
2071 2219 2308 2285 deinde
2371 2219 2714 2286 continuis
2773 2219 3050 2284 citatior

854 2322 1055 2390 solito
1106 2325 1325 2390 amnis
1385 2333 1764 2390 transverso
1814 2321 2066 2390 vortice
2123 2323 2304 2389 dolia
2352 2323 2616 2407 impulit
2663 2322 2754 2387 ad
2813 2323 3048 2406 ripam,

854 2445 1061 2512 qnam
1121 2427 1358 2493 hostes
1422 2427 1808 2494 servabant.
1923 2425 2036 2492 Ibi
2078 2425 2397 2492 haerentia
2439 2423 2610 2491 int'er
2657 2425 2916 2490 obnata
2965 2427 3046 2489 ri·

856 2531 967 2615 pis
1014 2529 1261 2596 salicta
1301 2531 1835 2617 conspiciuntur:
1889 2529 2386 2617 nuntiatumque
2415 2527 2790 2596 Hannibali
2829 2535 2956 2608 est,
2983 2535 3048 2592 et

856 2632 1103 2699 deinde
1129 2634 1485 2700 intentiore
1512 2632 1829 2699 custodia
1859 2638 2155 2710 cautum,
2183 2650 2270 2697 ne
2295 2630 2458 2718 quid
2487 2630 2750 2697 falleret
2768 2629 3046 2697 Vultur·

856 2756 943 2801 no
973 2735 1061 2801 ad
1090 2738 1315 2803 urbem
1342 2738 1645 2803 missum.
1734 2735 1974 2802 Nuces
2013 2740 2240 2800 tamen
2280 2734 2454 2801 fnsae
2477 2734 2528 2775 ¹⁸
2547 2730 2576 2771 ¹¹
2601 2735 2690 2800 ab
2721 2734 3046 2800 Romanis

856 2840 1127 2919 castrh,
1160 2860 1315 2907 cum
1344 2840 1567 2907 medio
1598 2838 1780 2905 amni
1811 2836 1896 2904 ad
1929 2838 2304 2905 Casilinum
2333 2836 2716 2918 defluerent,
2753 2838 3048 2905 cratibus

856 2945 1381 3029 excipiebantur.
1468 2942 1826 3010 Postremo
1857 2940 1945 3007 ad
1972 2939 2046 3006 id
2073 2948 2348 3007 ventum
2375 2940 2625 3025 inopiae
2651 2947 2778 3021 est,
2807 2947 2886 3007 nt
2911 2940 3048 3007 lora

858 3047 1327 3133 detractasque
1388 3047 1607 3115 scutis
1659 3046 1899 3131 pelles,
1951 3043 2072 3111 ubi
2123 3044 2377 3111 fervida
2423 3044 2793 3110 mollissent
2851 3064 3046 3129 aqua,

857 3150 1171 3217 mandere
1216 3156 1632 3228 conarentur,
1671 3168 1798 3213 nec
1839 3148 2144 3213 muribus
2185 3146 2404 3213 aliove
2447 3146 2720 3213 animali
2761 3148 3046 3213 abstine-

858 3262 1028 3335 rent,
1050 3261 1119 3321 et
1136 3273 1329 3319 omne
1354 3252 1710 3319 herbarum
1737 3249 2173 3335 radicumque
2192 3268 2402 3334 genus
2429 3251 2780 3333 aggeribus
2809 3250 3046 3317 infimis

857 3356 1033 3421 muri
1060 3362 1407 3441 eruerent3
1434 3360 1527 3437 et,
1554 3374 1720 3423 cum
1741 3354 1972 3421 hostes
2001 3354 2416 3433 obarassant,
2441 3352 2764 3439 quicquid
2793 3354 3044 3421 herbidi

924 3568 951 3605 ὃ
983 3572 1197 3624 Desecte
1211 3578 1327 3624 unt
1344 3574 1545 3625 mando
1566 3587 1722 3623 me.

1775 3696 1952 3719 emec
1957 3696 2042 3717 000
2045 3696 2134 3717 000

858 3818 1043 3871 fficiam
1070 3836 1103 3870 a
1135 3820 1518 3873 dictatore—lo
1548 3818 1816 3885 lupa-tm
1849 3818 2011 3882 vellet,
2045 3816 2230 3867 videret
2261 3814 2400 3867 Edd.
2433 3823 2552 3867 ante
2574 3815 2926 3870 Gronov—17
2960 3815 3044 3869 At.

1843 3996 2062 4049 80¹1·AE

922 4116 949 4152 ¹¹
983 4118 1143 4167 Nuces
1173 4120 1334 4165 tanuen
1368 4112 1527 4180 [inde]
1555 4112 1715 4177 sasae]
1747 4110 1916 4161 Mem·
1995 4124 2116 4161 num
2138 4124 2319 4175 nsque.
2388 4110 2530 4160 Hine
2561 4110 2904 4161 Praenentino·
2933 4110 3041 4183 Na-

858 4197 1038 4249 brana
1074 4195 1269 4244 habent
1306 4194 1467 4243 Nuces
1500 4196 1658 4241 tumen
1678 4190 1825 4252 fusa,
1863 4188 1916 4239 id
1993 4190 2122 4237 culos
2141 4184 2315 4237 dictos
2348 4200 2463 4237 esse
2497 4188 2688 4238 Festus
2725 4195 2884 4245 notat.
2903 4186 3042 4251 qnod

859 4280 961 4335 est,
994 4272 1227 4337 quamvis
1264 4270 1467 4320 intenta
1501 4276 1641 4319 esset
1680 4266 1918 4318 custodia
1994 4268 2074 4316 hae
2098 4265 2300 4315 illorum
2334 4265 2575 4316 cobortes
2605 4268 2818 4317 Casilini
2839 4266 3040 4317 incluse

861 4350 1163 4403 Poenornm.
1204 4346 1529 4397 nihilominus
1580 4359 1742 4394 nuce·
1798 4358 1917 4408 pro·
1993 4356 2108 4392 sese
2131 4342 2348 4392 nucibus
2374 4350 2772 4393 etintentassent.

856 4428 1019 4493 jeetae
1058 4426 1113 4475 in
1157 4422 1349 4475 flumen
1389 4422 1696 4475 ferebantur
1739 4421 1918 4473 Catili·
