3300 5225
847 482 1058 531 unm
1109 480 1251 531 xx.
1297 480 1949 533 stanMnu'ruM.
2326 469 2501 541 1639

262 633 568 717 superiore
593 634 730 697 loco
753 634 1077 715 ingruebat.
1161 633 1308 697 Hoc
1331 634 1588 697 maximo
1613 633 1792 695 modo
1814 654 1951 695 cum
1976 632 2177 695 Gallis

261 731 328 791 in
386 732 628 792 Etruria
672 740 994 813 pugnatum
1037 730 1340 812 Polybius
1381 730 1663 791 tradidit:
1718 751 1757 792 a
1799 752 1919 813 quo
1966 752 2174 813 parum

262 828 662 909 probabiliter
699 828 805 889 alii
844 828 1222 889 dissentiunt:
1269 828 1402 908 quis
1423 828 1581 888 enim
1607 837 1819 889 temere
1846 828 2053 890 credat
2092 830 2177 889 ita

262 927 472 1005 potius
514 946 637 985 rem
677 933 900 1005 gestam
933 946 1082 997 esse,
1117 934 1186 986 ut
1225 923 1442 985 Gallos
1482 934 1660 985 noctu
1696 934 1827 985 orta
1860 934 2177 1006 tempestas
2201 936 2372 987 Zona.

259 1020 478 1101 fugere
511 1022 790 1101 coegerit,
817 1029 1100 1101 tanquam
1142 1020 1406 1081 Deorum
1449 1022 1594 1082 iram
1631 1020 1923 1094 timentes,
1950 1030 2174 1103 postre-

263 1138 518 1199 mosque
560 1138 760 1179 eorum
801 1138 1106 1198 aggressus
1145 1117 1222 1179 C.
1262 1116 1492 1179 Atilius
1529 1120 1908 1189 occubuerit;
1960 1117 2175 1179 deinde

263 1223 408 1296 poet
449 1215 684 1297 aliquot
723 1214 874 1287 dice,
913 1235 1049 1276 cum
1094 1215 1318 1277 interea
1361 1236 1468 1277 suo
1509 1214 1763 1297 quilibet
1806 1216 1869 1275 in
1914 1214 2066 1275 colle
2112 1236 2175 1276 ee

261 1312 677 1384 continuiaeet,
717 1312 788 1373 L.
819 1312 1096 1373 AEmilius
1131 1334 1270 1374 cum
1308 1314 1571 1375 exercitu
1616 1312 1863 1374 Gallico
1902 1333 2175 1394 prospere

263 1410 668 1489 pugnaverit?
776 1408 996 1491 Neque
1055 1410 1188 1491 plus
1243 1420 1534 1471 merentur
1581 1410 1745 1483 fidei,
1795 1411 1897 1491 qui
1965 1430 2175 1489 pugnae
2232 1420 2372 1474 Oro..
2407 1438 2480 1476 ιν.

261 1505 473 1568 locum
511 1528 591 1569 ex
637 1507 884 1569 littorali
923 1509 1156 1589 regione
1191 1509 1252 1569 in
1295 1528 1498 1589 agrum
1534 1507 1883 1569 Arretinum
1921 1516 2173 1567 transtu·
2204 1490 2285 1537 ¹³⁶

263 1603 490 1665 lenmt.

351 1708 458 1763 44.
507 1701 810 1763 cecidisse
851 1712 980 1763 tum
1025 1702 1343 1764 Gallorum
1383 1702 1578 1763 millia
1622 1702 2013 1783 quadraginta
2058 1725 2173 1766 non
2200 1714 2335 1766 Eutr.
2361 1716 2395 1766 1.
2416 1732 2501 1768 nx.

263 1799 629 1879 ambigitur:
676 1809 854 1882 capta
877 1810 1014 1861 sunt
1035 1799 1196 1861 haud
1223 1801 1412 1862 minus
1436 1799 1628 1859 millia
1651 1799 1857 1860 decem
1882 1822 2015 1862 cum
2060 1822 2176 1863 uno
2200 1779 2372 1895 Pss'ffit'f
2397 1844 2483 1897 Ed

259 1915 478 1975 regum
503 1896 934 1959 Concolitano:
978 1897 1150 1970 aliuS,
1172 1897 1558 1967 Aneroestus,
1580 1897 1683 1977 qui
1709 1896 2021 1977 plurimum
2046 1900 2172 1981 opi·
2198 1910 2236 1960 l.
2258 1862 2387 1959 ἐπ’.
2486 1878 2503 1895 ’

264 1992 452 2053 nione
497 1995 734 2055 virtutis
772 2004 834 2054 et
873 1995 1140 2076 potentia
1177 1995 1468 2065 valuerat,
1513 1994 1721 2075 paucis
1758 1995 2175 2056 comitantibus
2199 1974 2373 2040 Polyb.

261 2088 534 2170 elapsus,
561 2091 624 2150 in
669 2089 810 2170 fuga
843 2092 1196 2151 necessarios
1231 2112 1368 2151 suos
1403 2112 1582 2171 aeque
1619 2091 1809 2171 ipsum
1832 2100 1997 2151 secta
2034 2092 2176 2171 gula

263 2184 593 2247 interemit.
683 2186 960 2269 Recepta
997 2196 1088 2247 est
1125 2187 1328 2269 praeda
1354 2188 1580 2267 ingens,
1606 2206 1787 2266 quam
1814 2187 2017 2249 consul
2042 2189 2171 2249 red-
2232 2186 2385 2239 Diod.
2410 2190 2500 2240 zo·

263 2281 535 2343 dendam
581 2286 654 2345 iis
692 2286 941 2357 curavit,
967 2286 1184 2364 quibus
1223 2284 1460 2345 ademta
1497 2282 1711 2355 fuerat,
1741 2304 1875 2343 suae
1908 2304 2171 2364 unoquo·
2196 2268 2373 2385 {3⁰55

265 2400 390 2460 que
417 2400 514 2439 ree
537 2382 986 2459 agnoscentibus
1009 2381 1278 2442 dominis.
1347 2379 1502 2441 Inde
1529 2400 1665 2440 cum
1689 2400 1795 2441 suo
1818 2388 1879 2440 et
1899 2380 2175 2443 Atiliano

265 2477 544 2539 exercitu
575 2480 759 2557 juxta
782 2476 928 2539 fines
952 2478 1232 2559 Ligurum
1257 2478 1318 2537 in
1345 2477 1600 2538 Boicum
1627 2496 1831 2556 agrum
1860 2478 2175 2559 profectus,

267 2584 340 2636 ut
364 2596 566 2656 operae
590 2585 823 2638 navatae
857 2574 1185 2640 mercedem
1208 2576 1454 2638 haberet
1479 2574 1670 2648 miles,
1696 2574 2081 2657 diripiendam
2120 2576 2179 2637 ei

267 2673 578 2752 regionem
601 2673 790 2746 dedit,
816 2676 1132 2756 paucisque
1155 2674 1366 2735 diebus
1387 2675 1630 2734 satiatas
1655 2672 1855 2754 praeda
1878 2674 2081 2755 copias
2114 2674 2173 2733 in
2199 2669 2348 2721 Diod.

268 2771 484 2830 urbem
532 2770 806 2832 reduxit:
867 2779 1034 2833 tanto
1083 2773 1306 2851 majore
1357 2772 1618 2832 omnium
1671 2771 1903 2842 laetitia,
1955 2779 2177 2851 quanto
2199 2737 2371 2802 Polyb.

271 2867 468 2926 acrior
497 2867 662 2927 istius
685 2867 836 2928 belli
859 2877 1048 2928 metus
1071 2867 1283 2928 fuerat.

353 2969 461 3023 45.
505 2963 670 3042 Ergo
713 2965 814 3024 vix
854 2965 1200 3045 cujusquam
1233 2964 1561 3044 triumphus
1585 2961 1910 3024 faventium
1935 2963 2179 3024 vocibus

272 3067 401 3120 tam
443 3059 778 3122 celebratus
815 3071 938 3122 at:
985 3061 1226 3140 insignis
1265 3060 1556 3140 alioquin,
1583 3069 1644 3120 et
1669 3080 1859 3121 rerum
1884 3068 2176 3139 gestarum

273 3155 492 3234 gloria,
527 3166 593 3218 et
630 3158 995 3239 captivorum
1031 3157 1469 3240 spoliorumque
1513 3156 1890 3239 praelatorum
1938 3175 2177 3217 numero

275 3255 611 3335 pretioque.
693 3254 898 3315 Multa
935 3257 1084 3316 inter
1122 3256 1250 3316 haec
1289 3255 1460 3334 signa
1499 3254 1783 3314 militaria
1814 3253 2000 3324 fuere,
2042 3250 2174 3333 plu-

275 3351 532 3431 rimique
573 3361 808 3433 torques
847 3353 1006 3414 aurei
1042 3351 1425 3432 armillaeque,
1450 3352 1707 3412 virorum
1746 3350 1981 3411 fortium
2016 3348 2175 3430 apud

279 3445 508 3508 Gallos
543 3459 904 3510 ornamenta.
986 3449 1107 3510 Sed
1149 3449 1406 3510 maxime
1447 3447 1824 3508 adverterunt
1844 3444 2048 3507 oculos
2070 3445 2175 3506 bo-
2224 3439 2431 3492 Floras.
2452 3445 2499 3492 ί·

279 3545 508 3606 minum
554 3546 941 3618 BritomaruS‚
969 3547 1188 3628 aliique
1230 3545 1522 3627 principes
1562 3543 1879 3606 Gallorum
1920 3563 2067 3624 quos
2108 3541 2178 3602 L.
2204 3515 2255 3557 εἰ
2274 3507 2447 3558 ²⁰⁸³·

281 3641 568 3703 AEmilius
609 3664 712 3724 per
755 3642 1072 3705 ludibrium
1123 3644 1420 3705 accinctos
1461 3643 1522 3702 in
1570 3641 1937 3723 Capitolium
1980 3639 2177 3712 duxit,

281 3746 574 3818 tanquam
609 3743 734 3802 voti
773 3743 863 3802 sui
897 3741 1232 3821 religionem
1256 3745 1602 3810 servaturo&
1627 3737 1788 3818 quod
1816 3746 1835 3773 ‘
1862 3756 1981 3797 non
2020 3735 2181 3817 prius

281 3838 578 3902 soluturos
613 3863 677 3902 se
699 3842 926 3914 baltea,
951 3863 1130 3923 quam
1162 3839 1526 3922 Capitolium
1552 3837 1985 3908 ascendissent,’
2007 3837 2177 3915 jura-

285 3947 516 3998 verant.
545 3937 631 3999 A.
660 3939 744 4000 D.
775 3955 882 4000 111.
911 3939 1126 4001 Nonas
1157 3939 1409 4000 Martias
1451 3936 1519 3997 L.
1547 3935 1823 3997 AEmilius
1860 3933 2063 3995 consul
2104 3932 2179 3994 de
2204 3935 2505 4003 Euticapit.

287 4033 492 4095 Gallis
533 4037 930 4118 triumphavit.
1030 4037 1260 4098 Eodem
1305 4055 1458 4096 anno
1503 4033 1747 4093 lustrum
1792 4030 2040 4092 alterum
2088 4039 2179 4090 at-

285 4151 408 4214 que
449 4132 994 4214 quadragesimum‘
1030 4133 1330 4196 conditum
1369 4151 1492 4194 esee
1521 4129 1747 4211 reperio
1779 4148 1818 4189 a
1850 4127 2184 4190 censoribus

351 4323 374 4349 ⁸
405 4314 636 4365 Luam
675 4313 880 4364 altem
913 4317 1054 4376 atque
1088 4327 1205 4376 qim·
1273 4311 1407 4361 mius
1423 4309 1642 4360 lustrum
1674 4303 1959 4358 secundum
1981 4309 2037 4354 et
2060 4316 2183 4367 qna-

285 4379 636 4448 mainan]
655 4379 918 4444 Intelligit
935 4377 1205 4432 Freimhe·
1277 4375 1641 4442 dragesimam,
1680 4379 1741 4424 ut
1781 4375 1988 4424 constat
2024 4383 2091 4420 ex
2134 4381 2185 4419 c.
