3300 5225
849 544 1057 593 mem
1109 544 1252 593 xx.
1297 543 1388 593 su
1403 543 1642 593 renen
1657 541 1945 595 ιιιιτυιι.
2328 526 2503 599 1641

273 687 336 745 in
389 684 626 747 Etruria
659 684 872 747 coelum
911 686 1116 747 ardere
1155 687 1367 759 vimm,
1418 686 1679 748 Arimini
1714 696 1891 749 noctu
1932 685 2175 759 luxisse,
2200 696 2271 748 Or
2250 714 2340 749 roo.

275 792 512 863 tresque
543 783 716 844 lunas
747 782 956 845 eodem
996 793 1258 866 tempore
1299 784 1637 867 apparuisse
1674 784 2077 855 nuntiabatur,
2116 792 2179 845 et
2202 763 2341 877 Id,
2275 764 2325 812 ¹
2329 771 2367 815 ²·
2346 782 2491 883 ᾖ

272 879 440 959 quod
479 879 702 941 Romoe
747 881 808 939 in
844 880 972 941 foro
999 880 1197 941 vultur
1237 902 1342 963 per
1377 880 1504 941 dies
1541 880 1869 962 complures
1908 880 2175 943 sederat·
2200 892 2267 941 zo
2238 909 2372 947 om

277 996 418 1039 nam
459 980 572 1037 sub
616 977 770 1039 idem
804 978 953 1039 forte
985 988 1212 1059 tempus
1241 977 1426 1038 Caria
1463 987 1625 1038 motu
1666 986 1833 1038 terrae
1874 998 2178 1050 concussa,
2232 1006 2447 1061 Marion

273 1082 338 1133 et
360 1073 664 1156 collapsus
689 1074 896 1136 Rhodi
922 1076 1182 1136 colossus
1215 1073 1364 1135 nihil
1395 1084 1522 1135 tum
1555 1073 1634 1134 ad
1676 1096 1799 1135 rem
1840 1074 2179 1137 Romanam
2201 1070 2333 1123 30⁰&
2364 1076 2506 1126 ΟΜ-

274 1172 568 1303 pertinere
583 1170 994 1234 credebantur.
1062 1170 1410 1232 Ceterorum
1427 1191 1611 1233 causa
1629 1170 1885 1232 consulti
1910 1191 2179 1251 augures,
2205 1137 2397 1251 Ρξῗν,
2417 1207 2467 1255 ⁷.

274 1268 598 1329 ‘consides
640 1269 786 1330 vitio
823 1278 1054 1329 creatos
1085 1269 1318 1341 videriss
1357 1267 1801 1350 responderunt,
1846 1278 2179 1349 secutaeque
2200 1266 2327 1317 2οΜ

271 1374 414 1427 mut
433 1374 674 1427 seuatm
698 1366 778 1426 ad
801 1388 904 1427 eos
929 1366 1134 1439 literae,
1162 1366 1418 1447 quibus
1402 1387 1461 1425 ιιι
1497 1367 1703 1426 urbem
1730 1365 2178 1427 revocabantur.

275 1460 386 1528 Illi
421 1464 576 1524 inter
617 1464 750 1525 haec
791 1484 895 1545 per
933 1463 1199 1525 inducias
1241 1462 1559 1524 Insubrum
1599 1484 1741 1542 agro
1784 1470 2177 1534 excesserant,
2204 1481 2291 1531 Pol
2326 1482 2379 1534 b.

270 1559 535 1620 deinde
519 1580 580 1619 ιιι
606 1559 1082 1621 Cenomanorum
1121 1560 1343 1621 finibus
1381 1561 1669 1621 sociorum
1696 1559 1895 1620 ascitis
1918 1557 2179 1631 auxiliis,
2200 1548 2307 1596 3¹²¹*
2375 1547 2445 1613 ¹·
2459 1562 2511 1599 V·

273 1658 490 1717 iterum
527 1677 772 1737 campos
811 1656 1074 1739 Alpibus
1117 1658 1490 1737 subjacentes
1530 1656 1805 1717 infestare
1842 1662 2178 1737 coeperant:
2206 1678 2248 1727 p
2204 1583 2397 1744 pols'ilp}

270 1754 646 1835 per-motique
673 1755 765 1815 ira
790 1752 1088 1826 Insubres,
1131 1756 1312 1817 etiam
1349 1755 1540 1815 aureis
1576 1754 1755 1834 signis
1778 1774 1855 1814 ex
1884 1754 2012 1813 oede
2051 1752 2181 1812 Mi-

269 1871 472 1913 nervae
498 1851 844 1933 depromtis,
871 1871 1007 1931 quae
1028 1851 1353 1913 immobilia
1370 1853 1760 1923 vocabantur,
1786 1850 1947 1932 quod
1972 1850 2081 1911 nisi
2100 1851 2181 1911 ob

268 1958 603 2011 extremam
622 1948 1028 2009 necessitatem
1052 1950 1274 2010 moveri
1301 1947 1393 2009 fas
1415 1970 1534 2011 non
1557 1957 1737 2021 esset,
1761 1967 1897 2009 cum
1916 1946 2181 2012 exercitu

271 2045 716 2127 quinquaginta
738 2044 986 2105 millium
1003 2055 1400 2119 occurrerant,
1429 2047 1556 2108 acie
1579 2045 1937 2108 dimicaturi.

355 2153 462 2206 48.
507 2144 658 2205 Hoc
680 2144 759 2206 ad
786 2154 1020 2227 tempus
1056 2145 1242 2209 literae
1279 2156 1517 2208 senatus
1541 2166 1777 2210 venere.
1847 2145 1925 2205 C.
1954 2142 2181 2205 Flami-
2206 2142 2351 2259 ἓν·
2371 2158 2488 2193 ¹¹¹·

271 2244 435 2314 nius,
478 2243 604 2304 sive
635 2243 976 2322 conjectura
1011 2263 1214 2305 earum
1247 2252 1655 2323 argumentum
1696 2250 2019 2315 assecutus,
2058 2242 2185 2303 sive
2276 2242 2293 2260 ‘

273 2338 468 2401 literis
492 2340 816 2400 amicorum
851 2341 1247 2421 praemonitus,
1291 2340 1538 2421 colleg-az
1578 2342 1887 2423 persuasit,
1928 2356 2007 2401 ne
2046 2347 2185 2399 ante
2206 2352 2377 2408 zonat.

267 2456 540 2518 pugnam
565 2438 934 2498 commissam
960 2440 1342 2520 aperirentur.
1425 2438 1530 2499 Sic
1563 2439 1863 2499 obstinato
1896 2436 1977 2498 ad
2010 2436 2183 2497 dimi-

269 2534 539 2595 candum
589 2535 812 2605 animo,
862 2533 938 2595 de
977 2536 1218 2597 auxiliis
1269 2534 1585 2597 Gallorum
1633 2534 2069 2606 deliberabant,
2108 2554 2183 2595 ne
2208 2550 2385 2620 Polyb.

271 2632 431 2692 forte
459 2631 732 2712 neglecta
752 2652 994 2693 causam
1019 2634 1274 2695 nocendi
1305 2635 1628 2696 haberent·
1611 2679 1630 2706 ,
1674 2633 1965 2705 adhibita,
2005 2652 2182 2694 oeca-

269 2730 538 2790 sionem:
565 2729 776 2791 levitas
793 2729 950 2790 enim
977 2731 1164 2810 gentis
1188 2732 1528 2804 timebatur,
1552 2732 1875 2814 praesertim
1904 2730 2184 2795 adversus

269 2834 600 2906 cog-natum
639 2828 868 2888 hostem
901 2827 1270 2909 suscipiendo
1303 2828 1530 2910 praelio.
1595 2827 1863 2890 Tandem
1887 2827 2005 2889 hoc
2038 2847 2181 2888 con-

269 2923 476 2984 silium
520 2923 767 3004 placuit.
865 2922 1086 2985 Gallos
1133 2925 1194 2984 in
1245 2926 1578 2986 ulteriorem
1629 2927 1821 3008 ripam
1870 2925 2183 2986 miserunt:

269 3020 498 3082 deinde
525 3029 806 3102 ruperunt
831 3029 1070 3101 pontes:
1114 3023 1199 3083 ita
1225 3043 1418 3104 neque
1462 3023 1602 3084 laedi
1645 3025 1725 3084 ab
1763 3025 1836 3084 iis
1874 3021 2191 3084 Romanus

269 3125 536 3200 poterat,
577 3125 660 3189 et,
701 3118 878 3200 copia
917 3117 1073 3198 fugae
1099 3120 1334 3202 penitus
1357 3119 1584 3193 ablata,
1627 3121 1828 3182 omnia
1868 3121 1929 3180 in
1970 3118 2189 3181 virtute

271 3222 408 3274 erat
457 3214 784 3274 habiturus.
877 3213 1034 3276 Post
1087 3235 1222 3278 acre
1266 3217 1558 3298 praelium,
1602 3217 1853 3279 victoria
1894 3215 2190 3278 Romanis

271 3309 457 3372 cessit
469 3333 490 3382 ;
533 3310 748 3392 majori
771 3311 1134 3373 tribunorum
1157 3313 1358 3386 laude,
1400 3333 1581 3394 quam
1606 3314 1933 3376 consulum.
2016 3313 2189 3374 Nam

271 3406 360 3470 G.
389 3407 723 3469 Flaminius
746 3410 934 3470 aciem
967 3408 1054 3469 ita
1091 3411 1236 3492 ripae
1259 3409 1516 3472 fluminis
1539 3411 1905 3484 admoverat,
1948 3419 2017 3471 ut
2040 3409 2189 3470 nihil

277 3503 362 3564 ad
413 3513 720 3586 receptum
767 3506 1096 3567 cohortium
1135 3507 1496 3589 relinqueret
1543 3508 1761 3590 spatii:
1803 3506 1965 3570 haud
2008 3507 2189 3568 dubie

277 3609 478 3662 totum
501 3603 823 3662 exercitum
849 3603 1201 3685 perditurus,
1227 3604 1276 3664 si
1303 3604 1642 3685 urgentibus
1666 3605 1934 3666 hostibus
1954 3603 2053 3665 vel
2078 3604 2187 3663 mi-

279 3698 508 3758 nimum
545 3697 816 3760 recedere
857 3708 1100 3761 coactus
1127 3699 1352 3764 fuisset.
1433 3700 1681 3762 Tribuni
1708 3723 1871 3773 vero,
1902 3701 2190 3783 prioribus

283 3795 510 3877 preliis
549 3798 804 3878 experti,
847 3796 1166 3858 Gallorum
1205 3800 1328 3859 vim
1367 3817 1599 3858 omnem
1639 3799 1698 3858 in
1741 3800 1933 3880 primo
1966 3799 2189 3880 impetu

277 3911 434 3963 mse,
477 3893 636 3953 hunc
677 3894 1042 3967 acerrimum,
1082 3893 1187 3956 sed
1227 3896 1491 3968 brevem,
1537 3896 1588 3955 si
1629 3896 1762 3976 quis
1800 3896 2187 3967 mstinuisset,

279 3988 430 4048 nihil
469 4000 680 4070 postea
709 3991 1087 4052 metuendum
1125 3993 1366 4064 habere,
1409 3993 1611 4074 primis
1647 3991 1951 4054 ordinibus
1990 3994 2191 4052 hastas

279 4085 614 4146 triariorum
631 4086 927 4160 dividunt,
952 4089 1164 4170 quibus
1177 4091 1435 4150 hostium
1449 4089 1757 4172 excipiant
1774 4091 1945 4164 ictus,
1972 4088 2190 4152 deinde

279 4182 536 4262 abjectis
561 4184 654 4244 his
673 4184 938 4265 gladium
961 4187 1271 4267 stringant.

363 4287 468 4342 49.
529 4281 660 4344 Ubi
701 4292 940 4345 ventum
985 4284 1062 4344 ad
1106 4294 1402 4347 certamen
1444 4293 1558 4358 est,
1612 4286 1911 4346 hastarum
1948 4285 2189 4365 objectu

285 4375 513 4440 Gallici
537 4379 722 4460 gladii
743 4381 942 4442 statim
967 4381 1047 4444 ad
1073 4383 1323 4466 primum
1350 4384 1532 4444 ictum
1557 4383 1820 4444 hebetati
1842 4383 2189 4462 curvatique

417 4492 598 4557 Delph.
617 4499 665 4544 et
692 4495 810 4547 Ver.
832 4495 963 4548 clas.
1313 4495 1498 4548 Livias.
2264 4501 2293 4547 5
2330 4496 2380 4548 Q
