3300 5225
866 520 1080 571 uam
1129 518 1307 571 xlx·
1353 518 2006 573 SUPPLBMENTUM.

316 674 411 727 tus
425 662 770 726 aRomanis
783 664 1031 725 navibus
1057 662 1136 724 ad
1155 662 1442 724 anchoras
1459 662 1755 724 stantibus
1776 662 2055 725 custodiri
2072 664 2225 725 scie·

316 764 484 823 bant.
529 760 652 821 Sed
677 760 780 821 ille
799 762 1052 843 privata,
1065 780 1244 841 quarn
1258 760 1542 832 habebat,
1565 758 2021 831 adornatanavi,
2043 760 2121 821 ad
2136 762 2223 821 in·-

314 857 572 920 sularum
599 878 734 939 quae
759 858 1030 938 Lilybaeo
1056 859 1378 937 praejacent
1401 874 1577 917 unam
1584 898 1602 929 ,
1647 857 1787 917 hinc
1812 856 2047 929 deinde,
2090 876 2225 917 cum

315 954 600 1040 postridie
623 961 868 1015 ventum
891 952 1174 1015 ferentem
1201 960 1406 1013 nactus
1428 962 1602 1023 esset,
1645 953 1807 1013 circa
1832 962 2101 1033 quartam
2118 954 2225 1013 ho-

315 1071 442 1112 ram
470 1050 616 1121 diei,
641 1050 864 1131 palam,
898 1050 1360 1131 inspectantibus
1399 1049 1687 1109 universis
1724 1049 1977 1109 hostium
2016 1050 2226 1130 copiis,

316 1148 688 1227 hominisque
703 1145 984 1207 fiduciam
1007 1146 1396 1226 stupentibus,
1425 1154 1658 1227 portum
1682 1148 1947 1206 invectus
1985 1154 2093 1205 est.
2136 1146 2232 1206 At

317 1240 636 1305 Romanus
659 1243 886 1313 consul,
913 1249 980 1303 ut
997 1242 1422 1321 reg-redientem
1447 1242 1844 1325 interciperet,
1868 1241 2119 1303 selectas
2148 1262 2227 1303 ex

315 1339 480 1400 omni
507 1358 750 1399 numero
773 1358 954 1399 naves
977 1338 1186 1399 decem
1225 1358 1334 1420 per
1371 1349 1604 1399 noctem
1627 1338 1835 1398 instrui
1867 1339 2083 1417 jubett
2126 1359 2231 1400 eas

317 1436 400 1496 ab
441 1446 692 1515 utroque
737 1434 921 1495 latere
966 1444 1168 1515 portus
1209 1453 1389 1515 quam
1431 1435 1699 1517 proxime
1740 1434 1819 1495 ad
1866 1436 2057 1517 ipsum
2097 1436 2228 1515 ejus

315 1532 534 1592 ostium
555 1532 878 1591 constituit.
947 1528 1266 1591 Hannibal
1285 1531 1587 1591 celeritate
1613 1532 1784 1591 navis
1816 1550 1939 1591 suoe
1964 1531 2225 1592 confisus

313 1628 486 1689 clara
525 1627 659 1687 luce
705 1626 1011 1709 proceditt
1071 1628 1472 1709 expectabant
1495 1646 1630 1687 eum
1674 1628 1887 1687 intenti
1918 1629 2227 1709 paratique

323 1723 620 1795 Romani,
662 1724 954 1804 simulque
986 1734 1206 1785 conatu
1246 1733 1470 1805 quanto
1507 1732 1783 1805 poterant
1806 1725 1867 1785 in
1894 1744 2031 1785 eum
2072 1724 2224 1785 fere-

315 1820 559 1882 bantur.
644 1820 768 1881 Sed
799 1820 902 1882 ille
925 1820 1240 1882 velocitate
1263 1830 1492 1882 tantum
1515 1822 1815 1894 vincebat,
1842 1830 1929 1893 ut,
1955 1822 2228 1901 effugias

316 1932 438 1978 non
463 1926 798 1989 centennis,
825 1918 980 1979 ultro
993 1918 1290 1990 illuderet,
1305 1917 1482 1979 modo
1499 1918 1887 1997 adnavigans,
1914 1918 2090 1980 modo
2114 1921 2228 1980 cir·-

312 2024 680 2086 cumvectus,
706 2014 876 2095 quasi
899 2014 977 2075 ad
1005 2034 1262 2097 pugnam
1285 2016 1482 2076 hostes
1506 2024 1875 2096 provocaret.

397 2116 508 2171 18.
549 2110 698 2172 Hac
723 2111 978 2173 audacia
1009 2132 1146 2173 cum
1183 2113 1398 2194 saepius
1435 2120 1717 2183 uteretur,
1766 2112 2017 2172 multum
2052 2113 2227 2172 rebus

313 2204 580 2268 Punicis
619 2206 944 2287 adjumenti
985 2209 1260 2281 contulit,
1313 2208 1475 2289 quod
1515 2217 1580 2269 et
1628 2208 1995 2269 oboessorum
2042 2208 2227 2271 animi

311 2304 545 2365 nuntiis
579 2324 812 2365 suorum
853 2304 1097 2366 mirifice
1137 2305 1570 2377 recreabantur,
1615 2312 1681 2365 et
1716 2325 1853 2385 quoe
1884 2304 2229 2385 postulabat

315 2416 460 2461 usus
485 2398 836 2481 Carthagini
881 2412 1108 2463 mature
1131 2402 1406 2483 cognosci
1430 2410 1739 2484 poterant:
1780 2410 1843 2462 et
1876 2402 2227 2463 contumeli-

315 2525 430 2566 osa
453 2504 622 2566 istius
642 2504 893 2566 hominis
927 2505 1226 2566 temeritas
1261 2496 1574 2566 Romanos
1607 2501 1882 2562 molestia
1918 2510 1979 2561 et
2004 2501 2229 2583 pudore

313 2602 606 2664 vexabat.
727 2600 768 2663 J
771 2602 1062 2664 uvabatur
1104 2609 1300 2663 autem
1353 2599 1565 2684 peritia
1624 2600 1881 2660 maxime
1941 2597 2228 2671 locorum,

315 2699 488 2780 qnod
531 2700 590 2758 in
633 2697 876 2781 palustri
919 2699 1030 2760 illa
1070 2717 1415 2778 coenosaque
1457 2697 1673 2768 eluvie,
1722 2715 1827 2776 per
1856 2713 2035 2775 quam
2063 2693 2228 2776 Lily-

313 2795 520 2856 baeum
547 2793 764 2867 aditur,
789 2805 1012 2856 certum
1037 2795 1340 2875 fidumque
1375 2793 1625 2854 navibus
1656 2793 1766 2852 iter
1800 2799 2075 2852 accurate
2118 2791 2228 2850 ob-

313 2899 699 2952 servaverat:
767 2893 995 2972 quoties
1033 2893 1192 2952 enim
1237 2891 1316 2951 ab
1361 2888 1488 2951 alto
1528 2891 1769 2950 veniens
1810 2889 1871 2948 in
1908 2895 2231 2968 conspectu

313 2987 542 3048 habere
569 2989 772 3048 urbem
812 2997 1092 3070 coeperat,
1131 2989 1218 3048 ita
1253 2987 1601 3048 obvertebat
1637 3004 1873 3056 navem,
1912 2992 1981 3044 ut
2018 2983 2231 3065 puppis

317 3083 522 3145 Italia
551 3085 887 3165 respiceret,
929 3103 1008 3144 ex
1050 3103 1226 3165 prora
1259 3084 1434 3144 turris
1461 3082 1863 3164 Lilybaetana,
1903 3100 2037 3160 quae
2080 3081 2229 3141 mari

317 3179 694 3252 imminebat,
721 3182 808 3242 ita
830 3189 1182 3253 cerneretur,
1203 3190 1270 3240 ut
1291 3181 1554 3242 omnium
1583 3177 1857 3238 Africam
1874 3195 2071 3236 versus
2084 3177 2229 3236 sita·

315 3295 452 3336 rum
475 3278 722 3337 turrium
746 3286 1120 3359 conspectum
1157 3283 1416 3356 tegerett
1474 3293 1609 3355 quae
1649 3293 1771 3334 una
1808 3273 2098 3333 tutissima
2138 3280 2231 3332 est

315 3373 422 3433 via
442 3371 620 3454 pleno
645 3393 816 3434 cursu
842 3382 1076 3454 portum
1103 3373 1440 3453 petentibus
1465 3371 1677 3430 nautis.

402 3475 506 3530 14.
549 3468 804 3549 Jamque
826 3469 1020 3550 plures
1046 3489 1171 3530 esse
1196 3476 1514 3550 coeperant,
1543 3468 1648 3548 qui
1674 3464 1928 3527 audacia
1950 3473 2015 3526 et
2036 3463 2225 3524 felici-

314 3573 446 3626 tate
473 3563 846 3625 Hannibalis
887 3565 1116 3626 incitati
1165 3565 1498 3647 Lilybaeum
1538 3569 1972 3623 commearent:
2039 3561 2227 3622 donec

315 3681 464 3722 casu
500 3661 761 3741 quodam
799 3661 1180 3742 quadriremis
1219 3659 1538 3722 celeritatis
1575 3659 1810 3720 eximioe
1848 3658 2226 3738 comprehen-

319 3757 578 3818 deretur.
663 3757 836 3818 Licet
857 3758 1016 3818 enim
1041 3758 1176 3819 aliis
1214 3757 1477 3840 partibus
1501 3755 1687 3817 moles
1710 3773 1749 3814 a
1784 3753 2077 3814 Romanis
2090 3755 2227 3831 jac-

317 3863 416 3915 tas
438 3853 606 3915 venti
632 3873 704 3915 ac
730 3854 906 3916 undoe
925 3855 1334 3936 raptavissent,
1361 3873 1480 3915 uno
1505 3861 1705 3913 tamen
1728 3851 1885 3923 loco,
1912 3849 2015 3909 ubi
2038 3849 2229 3911 minus

318 3950 680 4032 profundum
717 3971 878 4012 mare
920 3951 1130 4024 fuerat,
1173 3953 1596 4014 constiterunt:
1656 3948 1713 4008 ei
1754 3945 1929 4007 dorso
1967 3947 2230 4028 impacta

318 4048 490 4108 navis
524 4066 660 4107 cum
683 4048 1044 4120 obhaesisset,
1067 4057 1244 4130 capta
1267 4067 1304 4108 a
1329 4046 1624 4108 Romanis
1661 4043 2003 4126 optimoque
2036 4041 2226 4103 milite

319 4153 383 4204 et
433 4144 679 4223 remigio
723 4145 1025 4216 instructa,
1078 4146 1259 4206 etiam
1299 4141 1637 4205 Hannibali
1696 4141 1945 4202 exitium
2004 4139 2221 4200 attulit.

321 4241 571 4322 Quippe
599 4251 776 4302 noctu
801 4241 952 4302 forte
980 4244 1272 4322 ingressus
1305 4243 1530 4312 urbem,
1555 4239 1771 4301 cumin
1808 4237 1997 4298 reditu
2024 4236 2225 4318 palam

319 4337 614 4410 solvisset,
634 4338 1176 4421 quadrirememque
1197 4329 1368 4400 istam
1385 4337 1464 4399 ad
1483 4355 1684 4398 omnes
1700 4354 1825 4396 srrae
1842 4333 2014 4395 navis
2034 4343 2225 4394 motus

2377 502 2553 570 1589
