3300 5225
980 519 1123 566 mn.
1174 517 1411 568 xxm.
1457 493 1624 566 οη.
1667 500 1775 568 29.
2305 499 2478 567 1939

280 669 559 750 parant3
603 663 755 740 rati,
784 663 843 727 si
877 661 1272 740 Hannibali,
1300 661 1419 726 vix
1448 681 1565 746 per
1594 681 1670 726 se
1710 662 1842 747 ipsi
1868 659 2216 728 tolerando
2248 660 2472 728 Italiae

279 769 487 844 hosti,
534 765 931 832 Hasdrubal
975 766 1119 831 dux
1166 771 1371 849 atque
1417 765 1889 850 Hispaniensis
1935 767 2268 831 exercitus
2297 771 2476 830 esset

269 872 570 957 junctuS,
618 869 853 934 illum*
901 868 1190 934 Romani
1234 869 1479 933 finem‘=
1528 869 1788 953 imperii
1835 870 2004 934 fore.
2095 869 2230 933 His
2283 868 2475 932 anxii

278 975 458 1040 curis
490 972 575 1038 ad
608 972 873 1037 Iberum
903 971 1287 1038 contrahunt
1325 972 1591 1056 copias;
1636 980 1728 1049 et,
1753 973 2031 1037 transito
2061 991 2281 1050 amne,
2311 991 2469 1036 cum

280 1076 399 1140 diu
430 1075 947 1151 consultassent,
966 1081 1189 1139 utrum
1213 1082 1436 1140 castra
1456 1073 1697 1139 castris
1713 1073 1740 1112 ‘¹
1771 1074 2158 1151 conferrent,
2182 1092 2268 1137 an
2296 1075 2472 1138 satis

276 1175 623 1254 haberent,
652 1176 859 1241 sociis
887 1175 1527 1260 Carthaginiensium
1572 1175 2066 1261 oppugnandis,
2113 1177 2352 1241 morari
2385 1177 2472 1240 ab

275 1279 517 1344 itinere
546 1279 902 1363 proposito
929 1277 1215 1356 hostem,
1244 1280 1477 1343 urbem
1511 1296 1555 1342 a
1592 1279 1971 1362 propinquo
1999 1278 2272 1342 flumine
2316 1278 2473 1344 Ibe-

276 1391 467 1447 ram⁸
518 1383 959 1467 appellatam,
1005 1381 1582 1467 opulentissimam
1628 1401 1711 1446 ea
1749 1386 2144 1465 tempestate
2183 1381 2471 1464 regionis

274 1485 447 1569 ejus,
490 1505 881 1570 oppugnare
919 1491 1177 1569 parant.
1267 1481 1475 1562 Quod
1507 1484 1627 1548 ubi
1655 1482 1870 1548 sensit
1896 1482 2317 1559 Hasdrubal,
2350 1503 2474 1567 pro

278 1607 413 1671 ope
440 1586 711 1652 ferenda
738 1587 971 1662 sociis,
996 1585 1215 1669 pergit
1238 1581 1387 1670 ipse
1412 1587 1507 1651 ire
1536 1586 1624 1651 ad
1657 1587 1913 1662 urbem,
1935 1584 2225 1650 deditam
2253 1605 2474 1670 nuper

275 1691 349 1754 in
378 1689 575 1753 fidem
600 1689 1117 1766 Romanorum,⁵
1135 1684 1155 1722 f
1176 1689 1717 1773 oppugnandam.
1793 1687 1904 1752 Ita
1923 1689 2066 1771 jam
2081 1695 2320 1772 .coepta
2351 1690 2474 1753 ob-

276 1792 457 1858 sidio
500 1794 753 1858 omissa
802 1793 891 1856 ab
936 1791 1261 1856 Romanis
1308 1799 1437 1871 est,
1478 1801 1543 1857 et
1581 1793 1649 1856 in
1699 1792 1924 1876 ipsum
1969 1791 2471 1857 Hasdrubalem

274 1914 548 1962 versum
576 1896 847 1960 bellum.

361 1998 471 2063 29.
521 1997 840 2082 Quinque
878 1995 1163 2061 millium
1196 1995 1549 2061 intervallo
1578 2003 1804 2062 castra
1830 1995 2147 2061 distantia
2183 1997 2474 2062 habuere

274 2117 540 2184 paucos
569 2099 753 2181 dies3
796 2119 926 2164 nec
956 2099 1099 2164 siue
1122 2099 1385 2163 levibus
1416 2097 1695 2182 proeliiS,
1723 2117 1848 2162 nec
1873 2099 2046 2162 utin
2080 2085 2292 2163 aciem
2324 2100 2470 2164 exi-

274 2209 435 2266 rent.
497 2200 805 2267 Tandem
834 2220 962 2266 uuo
986 2200 1362 2285 eodemque
1386 2199 1493 2264 die
1516 2199 1700 2264 velut
1725 2219 1812 2264 ex
1843 2201 2220 2283 composito
2246 2200 2474 2265 utrim-

274 2323 411 2389 que
436 2305 695 2388 signum
722 2325 969 2388 pugnae
996 2304 1407 2390 propositum
1437 2308 1560 2382 est,
1581 2309 1780 2386 atque
1811 2303 2119 2368 omnibus
2149 2303 2370 2386 copiis
2397 2305 2466 2369 in

275 2425 593 2492 campum
622 2405 1071 2473 descensum.⁶
1154 2405 1439 2491 Triplex
1472 2406 1654 2472 stetit
1678 2403 1994 2471 Romana
2025 2407 2263 2471 acies.⁸
2335 2407 2477 2471 Ve-

270 2508 467 2573 litum
525 2529 685 2594 pars
743 2510 916 2574 inter
970 2511 1437 2592 antesignanos
1496 2507 1770 2588 locata-‚⁷
1835 2527 1997 2592 pars
2053 2515 2214 2592 post
2281 2511 2472 2594 signa

274 2610 617 2699 accepta,¹¹
676 2614 939 2700 equites
1010 2632 1266 2679 cornua
1334 2614 1625 2678 cinxere.
1721 2610 2114 2677 Hasdrubal
2179 2611 2473 2678 mediam

1188 2808 1557 2830 mmm

272 2950 411 3009 pert.
461 2944 584 2994 vid.
610 2944 735 2994 Not.
755 2945 979 2997 Van—4
1012 2943 1098 2996 Al.
1128 2944 1367 2995 {niem—⁵
1408 2946 1672 2995 &manem
1692 2945 1848 2996 Grut.
1870 2945 2098 2996 Gronov.
2119 2946 2341 3010 Doujat.

334 3014 369 3059 6
405 3010 541 3061 Add.
572 3016 643 3061 est
665 3010 897 3063 Gronov.
918 3012 1140 3076 Doujst.
1176 3012 1425 3062 Crem—'1
1460 3010 1601 3062 oum
1641 3011 1935 3075 legebatur,
1959 3010 2186 3061 Peditum
2219 3027 2333 3076 pars
2362 3016 2475 3063 ante

1264 3172 1481 3225 NOTAE

336 3278 359 3306 θ
391 3273 535 3323 Illum
571 3272 777 3323 Remini
793 3274 972 3339 finem]
1003 3273 1173 3336 Vulgo
1206 3272 1335 3323 scri·
1414 3287 1631 3337 regnum
1674 3272 1884 3331 finibus,
1926 3272 2278 3338 Episcopatus
2321 3274 2474 3325 titulo

268 3348 495 3399 bebatur
520 3350 651 3399 illico
673 3350 895 3417 Βοωί,
926 3354 1005 3414 ξε.
1033 3366 1136 3401 uon
1178 3352 1331 3401 male.
1410 3349 1597 3400 nobilis
1618 3350 1821 3400 civitas.

268 3426 577 3490 Elegantius
600 3436 773 3477 tamen
796 3428 937 3492 quod
960 3427 1193 3478 Gronov.
1214 3427 1332 3477 sub·
1481 3425 1501 3460 f
1520 3427 1605 3476 Aa
1634 3426 1816 3490 urbm,
1847 3426 2056 3477 &diram
2074 3442 2224 3492 παρα·
2249 3429 2304 3478 in
2319 3428 2474 3493 fides·

256 3502 405 3566 jieit,
433 3504 569 3553 ianm
602 3504 825 3565 Βοιηαιί,
870 3508 953 3567 sse.
989 3519 1053 3553 ex
1093 3504 1331 3555 Putesno

268 3580 479 3643 codice,
514 3588 573 3630 ut
594 3582 681 3641 sit,
700 3588 825 3630 tunc
858 3579 1087 3630 futurum
1111 3579 1333 3631 Romani

266 3657 477 3720 imperii
528 3655 706 3719 finem,
760 3656 1049 3723 probatque
1100 3656 1333 3720 pluribus

267 3734 525 3797 exemplis
554 3748 621 3784 ex
653 3734 769 3797 ipso
801 3733 970 3784 Livio.
1036 3731 1238 3783 Sufficit
1268 3747 1334 3783 ex

268 3811 365 3862 lib.
387 3824 476 3861 ιιι.
496 3826 544 3860 e.
570 3814 651 3861 86.
681 3812 697 3839 ⁸
716 3810 813 3859 Ille
826 3808 942 3859 tiuis
959 3808 1133 3874 Appio
1150 3810 1333 3860 aliena

268 3901 511 3953 persone
534 3885 765 3937 ferenda
792 3885 925 3936 fuit?

334 3963 363 3999 ⁴¹
396 3966 576 4014 Castra
594 3962 791 4027 eastris]
822 3963 887 4013 Id
910 3971 1008 4022 est,
1037 3970 1209 4014 castra
1242 3978 1334 4016 sus

268 4056 392 4093 cum
412 4041 601 4091 castris
628 4040 986 4090 Hasdrubalis.

332 4126 357 4153 θ
389 4116 603 4181 Ibem]
636 4116 884 4167 Creditur
902 4117 1041 4167 Ibem
1057 4125 1179 4168 tuuc
1199 4126 1331 4169 tern-

268 4196 413 4260 poris
448 4194 611 4257 dicta,
638 4208 757 4259 quae
791 4203 905 4258 post
926 4194 1138 4245 Der-tusa
1174 4197 1329 4260 paulo

266 4286 431 4335 supra
482 4272 619 4321 ostis
671 4271 815 4321 Iberi
871 4272 923 4321 iu
972 4272 1329 4323 Ilercsouibus

264 4349 670 4399 Tarraconensis
680 4348 951 4411 Hispania
964 4349 1183 4413 populis.
1194 4364 1331 4401 nunc

271 4428 471 4476 Tor-tm
492 4425 545 4475 in
568 4423 854 4475 catalonia
879 4438 1053 4475 versus
1076 4426 1330 4478 Valentia

1412 3502 1756 3567 Remorum]
1791 3502 1960 3553 Aliam
1983 3504 2184 3553 scilicet
2211 3504 2276 3555 sb
2315 3505 2476 3555 lbet-s

1413 3594 1445 3629 s
1463 3580 1791 3645 Scipionibus
1817 3589 1940 3631 tunc
1963 3588 2280 3646 oppugnata.
2329 3582 2477 3632 Illius

1414 3664 1584 3708 autem
1641 3657 1860 3708 alterins
1903 3671 2090 3708 nomen
2133 3672 2234 3707 non
2279 3658 2476 3709 indica-

1414 3740 1517 3786 tur.

1480 3818 1507 3856 3
1540 3812 1739 3876 ffiplex
1755 3814 1893 3863 stetit
1916 3811 2130 3861 Renum
2150 3810 2300 3876 acies]
2331 3812 2475 3862 Divi-

1414 3888 1459 3937 si
1500 3885 1702 3938 scilicet
1747 3888 1950 3952 pedites
1981 3889 2154 3951 gravis
2195 3895 2472 3939 armature

1414 3980 1511 4029 pro
1532 3980 1676 4015 mere
1713 3964 1914 4015 illorum
1954 3972 2246 4027 temporum
2285 3966 2338 4013 in
2371 3965 2477 4014 tria

1412 4056 1654 4106 corpora,
1674 4042 1924 4103 hastatos,
1959 4041 2247 4106 principes,
2271 4048 2326 4090 et
2351 4042 2476 4091 tria-

1412 4121 1536 4179 rios,
1577 4119 1808 4168 immixta
1840 4118 2044 4180 corpori
2069 4116 2387 4168 hastatorum
2413 4133 2476 4168 ac

1410 4196 1704 4245 triariorum
1748 4194 1851 4243 levi
1909 4202 2188 4258 arunatura,
2223 4210 2352 4259 quies
2391 4195 2476 4244 hie

1409 4274 1594 4323 velites
1618 4272 1869 4336 appellat.
1903 4271 2037 4321 Vide
2061 4271 2150 4321 lib.
2175 4285 2303 4321 vm.
2328 4286 2374 4321 c.
2395 4276 2468 4322 8..

1476 4347 1501 4383 ¹·
1542 4349 1745 4398 Velitum
1761 4360 1878 4410 pars
1895 4346 2025 4397 inter
2048 4348 2386 4411 mosivum
2405 4350 2474 4398 10-

1410 4432 1535 4484 σαέσ,
1552 4440 1669 4490 pars
1681 4430 1790 4489 post
1819 4424 1959 4487 cigna
1986 4424 2198 4491 eccepto]
2230 4425 2318 4476 Ita
2341 4426 2476 4476 Gro-
