3300 5225
970 594 1123 642 ms.
1170 592 1348 641 xxi.
1394 593 1560 643 clu».
1602 577 1715 643 63.
2262 578 2438 646 1763

216 740 389 805 lium
438 746 509 806 et
548 740 889 806 solennem
927 746 1239 807 'votorum
1269 738 1836 825 nuncupationem
1877 736 2172 824 fugisse:
2217 760 2300 804 ne
2331 739 2438 806 die

214 844 377 910 initi
430 844 905 931 magistratus‘¹
946 844 1145 910 Jovis
1192 844 1429 929 optimi
1476 843 1760 909 maximi
1813 843 2126 926 templum
2175 843 2433 909 adiret:

214 966 305 1011 ne
356 953 693 1023 senatum,
742 946 999 1013 invisus
1053 948 1286 1031 ipse,²⁰
1338 952 1407 1013 et
1456 947 1589 1011 sibi
1639 948 1754 1011 uni
1805 946 2119 1024 invisum,
2179 946 2440 1011 videret

215 1051 776 1133 consuleretque:
824 1069 906 1115 ne
954 1049 1236 1115 Latinas
1288 1048 1632 1127 indiceret,
1677 1049 1725 1115 J
1729 1049 1974 1133 ovique
2018 1048 2279 1114 Latiari
2327 1070 2436 1115 so-

214 1150 415 1217 lenne
470 1172 737 1219 sacrum
782 1154 851 1219 in
898 1160 1126 1219 monte
1172 1152 1513 1219 facerem·
1548 1172 1654 1230 ue,
1694 1154 2048 1237 auspicato
2091 1153 2436 1237 profectus

214 1253 286 1319 in
336 1254 759 1341 Capitolium
808 1256 893 1323 ad
944 1262 1105 1321 vota
1149 1254 1625 1340 nuncupanda,
1677 1255 2048 1341 paludatus
2087 1256 2244 1320 iude
2277 1275 2435 1321 cum

215 1358 579 1425 lictoribus
624 1360 709 1425 ad
755 1359 1216 1444 provinciam²
1262 1358 1409 1426 iret.
1500 1359 1698 1425 Lixae
1739 1360 1946 1426 modo
1973 1359 1999 1398 ἕ
2043 1360 2186 1425 sine
2233 1358 2432 1441 insig-

216 1464 454 1541 nibus,
484 1464 629 1529 sinc
656 1463 1031 1542 lictoribus,
1078 1460 1449 1547 profectum
1494 1461 1692 1541 clam,
1742 1462 1999 1543 furtim,
2028 1462 2210 1528 haud
2244 1459 2438 1526 aliter

218 1586 429 1650 quam
464 1568 525 1631 si
552 1566 743 1632 exilii
772 1586 981 1633 causa
1006 1568 1225 1631 solum
1248 1565 1578 1632 vertisset.
1672 1566 1900 1649 Magis
1926 1585 2048 1651 pro
2071 1564 2433 1649 majestate

216 1668 547 1735 videlicet
580 1670 840 1755 imperii
877 1668 1189 1747 Arimini,
1237 1688 1441 1755 quam
1482 1667 1751 1750 Romae,
1805 1670 2266 1753 magistratum
2307 1669 2435 1733 ini·

219 1778 476 1851 turum,
502 1780 576 1837 et
602 1774 671 1837 in
700 1773 1087 1838 deversorio
1116 1770 1464 1857 hospitali,
1494 1791 1698 1856 quam
1727 1772 1910 1857 apud
1943 1778 2218 1857 penates
2249 1790 2434 1849 suos,

218 1882 637 1961 praetextam
692 1873 1106 1943 sumturum!
1218 1874 1704 1943 Revocandum
1757 1876 2039 1942 universi
2103 1876 2434 1941 retrahen-

220 1978 521 2064 dumque
544 1984 966 2061 censuerunt3
996 1985 1065 2046 et
1086 1979 1453 2063 cogendum
1480 1978 1790 2045 omuibus
1818 1979 2002 2063 prius
2027 1985 2434 2063 praesentem

216 2082 287 2147 iu
320 2081 519 2147 Deos
542 2082 979 2166 hominesque
1008 2082 1192 2165 fungi
1224 2081 1488 2163 officiis,
1519 2102 1722 2168 quam
1753 2082 1841 2148 ad
1867 2083 2238 2148 exercitum
2269 2088 2338 2147 et
2365 2083 2432 2146 in

218 2186 651 2270 provinciam
696 2185 850 2252 iret.
936 2186 1018 2251 In
1064 2206 1215 2251 eam
1252 2186 1649 2272 legationem
1693 2184 1992 2272 (legatos
2040 2186 2212 2251 enim
2258 2186 2434 2251 mitti

218 2287 517 2374 placuit)
548 2290 641 2371 Q.
663 2290 1023 2356 Terentius
1044 2296 1111 2355 et
1140 2290 1243 2354 M.
1274 2286 1620 2355 Antistius
1644 2289 1952 2373 profecti,
1979 2286 2192 2353 nihilo
2217 2288 2432 2371 magis

220 2412 375 2458 eum
410 2398 789 2474 moverunt,
844 2413 1047 2477 quam
1089 2394 1297 2478 priori
1328 2394 1688 2461 consulatu
1718 2392 1930 2458 literae
1963 2399 2312 2458 moverant
2341 2393 2431 2457 ab

220 2501 464 2561 senatu
494 2498 747 2562 missae.
836 2496 1111 2563 Paucos
1144 2503 1299 2582 post
1327 2496 1471 2562 dies
1502 2496 1965 2580 magistratum
1995 2496 2166 2574 iniit,
2198 2496 2432 2561 immo-

219 2600 525 2686 lantique
554 2601 618 2666 ei
658 2601 911 2668 vitulus
930 2600 1074 2687 jam
1109 2602 1281 2666 ictus
1314 2621 1352 2666 e
1384 2600 1702 2666 manibus
1734 2598 2244 2665 sacrificantium
2275 2619 2430 2665 sese

222 2721 376 2768 cum
429 2705 896 2789 proripuisset,
948 2704 1197 2769 multos
1244 2701 1752 2769 circumstantes
1802 2721 2034 2768 cruore
2089 2703 2426 2786 respersit.

224 2805 417 2890 Fuga
445 2806 685 2892 procul
718 2809 921 2874 etiam
949 2807 1166 2891 major
1206 2805 1387 2890 apud
1428 2807 1716 2891 ignaros,
1763 2804 1925 2890 quid
1965 2804 2430 2889 trepidaretur,

220 2914 287 2975 et
326 2911 760 2979 concursatio
798 2911 948 2978 fuit.
1036 2910 1121 2976 Id
1154 2931 1197 2977 a
1228 2911 1569 2996 plerisque
1614 2910 1688 2974 in
1738 2927 1930 2975 omen
1957 2916 1977 2956 ³
2027 2909 2252 2990 magni
2301 2919 2424 2972 ter-

223 3015 393 3080 roris
445 3022 821 3100 acceptum.
928 3013 1344 3097 Legionibus
1403 3013 1561 3079 inde
1615 3012 1880 3078 duabus
1933 3031 1976 3078 a
2034 3010 2428 3095 Sempronio

224 3116 470 3201 prioris
510 3118 672 3183 anni
708 3116 1003 3195 consule,
1047 3115 1309 3182 duabus
1338 3135 1379 3181 a
1410 3115 1491 3183 G.
1526 3115 1734 3181 Atilio
1775 3122 2061 3200 praetore
2096 3114 2427 3200 acceptis,

224 3222 293 3286 iu
344 3219 681 3286 Etruriam
740 3241 863 3305 pet
914 3219 1253 3304 Apennini
1279 3225 1311 3268 4
1369 3220 1666 3285 tramites
1708 3219 2042 3285 exercitus
2105 3218 2262 3284 duci
2321 3225 2430 3283 est

226 3333 524 3411 coeptus.

286 3485 313 3520 ¹
348 3487 597 3554 Tanquam
616 3503 739 3541 nm
758 3502 785 3540 e
804 3501 997 3540 numero
1012 3489 1243 3554 lixarum,
1262 3489 1341 3540 uel
1357 3487 1587 3540 οοῑοπιιηι.

1152 3635 1272 3657 ”OO
1245 3634 1391 3656 eme
1393 3634 1511 3656 0000

227 3735 339 3786 siue
361 3735 524 3786 dubio
544 3749 725 3786 vorum
758 3741 858 3800 est,
880 3735 1072 3812 primus
1108 3735 1403 3788 Gronovius
1440 3734 1675 3800 recepit?
1707 3734 1893 3786 Stroth.
1949 3733 2068 3786 vid.
2089 3733 2213 3785 Not.
2238 3732 2430 3782 Ver.—

230 3806 293 3852 2⁰
326 3801 1109 3866 vet.1ib.ap.sigon.invim
1127 3803 1240 3867 ipsi.
1241 3807 1337 3852 ——l
1376 3802 1517 3855 olim
1537 3801 1744 3880 Jooiqtoe
1763 3801 1948 3851 Lutiuli
1967 3801 2152 3850 noknne
2170 3813 2356 3850 sucrum
2378 3799 2430 3847 in

228 3872 381 3918 nme
400 3867 807 3928 Albanosuceret.
809 3871 905 3917 -2
937 3865 1079 3916 Olim
1102 3868 1377 3932 legebatur
1394 3869 1647 3932 paludum
1667 3867 1776 3918 inde
1796 3867 1858 3917 ud
1874 3866 2184 3930 provinciam,
2205 3865 2317 3915 sine
2342 3879 2430 3912 vo-

229 3931 371 3982 cibus
401 3946 511 3982 ειη
544 3933 904 3984 lietardum-8
938 3932 1047 3984 Pro
1073 3934 1129 3983 in
1160 3946 1297 3985 omen
1333 3933 1472 3986 Duk.
1510 3941 1565 3984 et
1608 3929 2428 3998 Drak.couj.utomeu‚et.l.1⁴'.

231 3997 394 4050 Grou.
416 4013 573 4061 oneri,
598 4007 658 4049 ut
682 4013 766 4064 ap.
786 3997 911 4048 Tac.
932 3997 1068 4049 Aun.
1092 4011 1133 4048 ι.
1152 4003 1235 4049 28.
1240 4002 1337 4050 —4
1372 3998 1555 4051 Olim'
1536 4013 1588 4050 tn
1614 3994 2362 4061 EtruriumjmperApen-ini.

1218 4147 1269 4198 N
1277 4145 1437 4199 0¹1·AE

232 4251 400 4297 autea.
444 4243 620 4296 Acute
644 4245 938 4296 Gronovius
958 4245 1094 4297 huuc
1116 4245 1287 4298 locum
1426 4255 1453 4291 *Ι
1490 4247 1567 4298 Ne
1585 4247 1665 4298 die
1685 4245 1800 4297 inita·
1818 4244 2146 4308 magistram,
2167 4242 2275 4307 se]
2319 4241 2428 4292 De-

228 4323 298 4373 sie
342 4321 658 4386 emendavit,
694 4337 811 4373 cum
857 4324 983 4374 alias
1026 4323 1287 4387 tegeretur
1364 4325 1661 4377 scribuntur
1681 4323 1910 4373 solennia
1927 4320 1992 4371 ab
2003 4320 2294 4372 ineuntibus
2307 4331 2429 4371 cou-

226 4399 509 4451 mxieatiu
526 4401 899 4468 preter-itonam,
931 4401 1013 4452 vel
1050 4401 1287 4451 conscien-
1367 4403 1587 4454 sulatum
1612 4400 1807 4451 servari
1826 4407 2091 4450 consueta.

231 4479 324 4527 tias
342 4482 618 4541 pratorum.
