3300 5225
818 525 993 596 1872
1755 547 1824 596 τ.
1869 547 2060 596 mvn

820 693 1026 776 gister
1046 693 1368 779 equitum,
1396 692 1666 760 delectu
1697 691 1945 774 edicto,
1963 694 2272 780 juniores
2301 696 2390 762 ab
2415 697 2612 764 anuis
2643 699 2986 783 septemde-

818 797 949 862 cim
988 807 1057 863 et
1094 797 1423 884 quosdam
1468 803 1900 884 praetextatos
1921 806 1950 834 ⁸
1991 798 2318 865 scribunt.
2407 797 2718 879 Quatuor
2765 821 2848 868 ex
2893 803 2986 868 his

816 899 1117 984 legiones
1156 909 1229 968 ct
1256 902 1437 967 mille
1468 903 1734 988 equites
1756 901 1995 970 effecti.
2085 902 2258 969 Item
2299 901 2384 968 ad
2417 905 2644 968 socios
2671 904 2985 970 [latinum-

818 1024 954 1090 que
984 1023 1247 1084 nomen,
1278 1005 1363 1072 ad
1396 1007 1647 1074 milites
1699 1027 1790 1073 ex
1835 1005 2130 1072 formula
2175 1005 2672 1091 accipiendos?
2713 1009 2986 1076 mittunt.

815 1107 1049 1188 Arma,
1100 1109 1257 1189 tela,
1308 1110 1447 1176 alia
1489 1110 1714 1196 parari
1746 1109 2034 1195 jubente
2075 1115 2146 1178 et
2193 1117 2426 1177 vetera
2469 1109 2760 1176 hostium
2791 1113 2988 1197 spolia

816 1209 1167 1280 detrahunt
1210 1214 1481 1298 templis
1531 1214 2058 1299 porticibusque.
2145 1213 2235 1280 Et
2271 1213 2470 1280 aliam
2519 1213 2804 1280 formam
2847 1217 2990 1280 novi

814 1312 1119 1381 delectus
1138 1323 1165 1354 ⁸
1210 1317 1446 1402 inopia
1491 1317 1850 1384 liberorum
1903 1317 2206 1402 capitum
2256 1336 2338 1384 ac
2377 1318 2754 1383 necessitas
2787 1317 2990 1384 dedit:

812 1423 973 1484 octo
1018 1419 1229 1485 millia
1268 1421 1599 1506 juvenum
1644 1421 2014 1488 validorum
2049 1439 2140 1486 ex
2179 1419 2500 1498 servitiiS,
2543 1421 2736 1504 prius
2779 1423 2990 1488 scisci·

813 1525 1031 1587 tantes
1072 1523 1397 1607 singulos,
1437 1523 1768 1591 vellentne
1809 1524 2121 1602 militare,
2170 1531 2352 1589 emta
2388 1522 2660 1607 publice
2704 1543 2990 1590 armave-

810 1631 987 1690 runt.
1076 1625 1217 1693 Hic
1267 1628 1459 1694 miles
1510 1629 1727 1712 magis
1770 1628 2050 1713 placuit,
2101 1647 2252 1694 cum
2284 1629 2500 1713 pretio
2541 1625 2801 1692 minore
2837 1627 2990 1693 redi·

808 1726 1029 1792 mendi
1058 1729 1373 1814 captivos
1398 1733 1601 1815 copia
1635 1730 1844 1796 fieret.

896 1832 1003 1898 58.
1050 1833 1369 1920 Namque
1430 1833 1798 1913 Hannibal,
1851 1832 2220 1900 secundnm
2286 1840 2422 1899 tam
2475 1851 2861 1918 prosperam
2911 1833 2984 1898 ad

810 1933 1083 2003 Cannas
1113 1957 1430 2022 pugnam,
1460 1937 1739 2004 victoris
1770 1937 2010 2020 magis,
2043 1955 2244 2020 quam
2289 1936 2532 2001 bellum
2563 1936 2880 2019 gerentiS,
2903 1938 2990 2002 in-

809 2042 1037 2104 tentus
1092 2041 1301 2120 curiS,
1348 2060 1527 2120 cum,
1579 2041 1875 2125 captivis
1924 2039 2276 2124 productis
2321 2041 2852 2124 segregatisque,
2894 2061 2987 2104 so-

808 2140 1047 2222 cios,⁸‘²
1078 2145 1253 2210 sicut
1294 2151 1453 2211 ante
1491 2144 1578 2210 ad
1616 2143 1935 2211 Trebiam
1975 2143 2578 2226 Trasimenumque
2604 2143 2856 2219 lacum,
2885 2145 2988 2207 be-

807 2245 1009 2330 nigne
1054 2248 1417 2328 allocutae,
1449 2247 1593 2314 sine
1633 2247 1846 2334 pretio
1877 2243 2286 2324 dimisisset;
2331 2245 2682 2312 Romanos
2731 2267 2990 2332 quoque

806 2356 1091 2418 vocatos
1134 2349 1355 2438 (quod
1400 2371 1742 2439 nunquam
1795 2353 1966 2418 alias
2017 2347 2252 2435 antea)
2295 2349 2464 2415 satis
2502 2351 2646 2415 miti
2695 2369 2990 2416 sermone

807 2451 1212 2539 alloquitur:
1258 2461 1277 2490 ‘
1306 2455 1375 2522 N
1380 2475 1471 2521 on
1524 2455 1998 2522 internecinum
2019 2461 2046 2490 ·
2085 2453 2217 2519 sibi
2265 2473 2416 2518 esse
2463 2472 2616 2518 cum
2667 2451 2992 2520 Romanis

801 2555 1091 2623 bellum:
1136 2557 1225 2625 de
1279 2558 1597 2643 dignitate
1646 2567 1855 2644 atque
1889 2556 2175 2644 imperio
2219 2562 2498 2624 certare.
2587 2555 2681 2621 Et
2729 2554 2994 2641 patres‘

804 2660 1035 2727 virtuti
1068 2661 1399 2729 Romanae
1427 2664 1754 2731 cessisse:
1797 2668 1864 2729 et
1909 2682 1986 2729 se
2028 2661 2099 2727 id
2145 2660 2376 2741 anniti,
2407 2666 2482 2726 ut
2509 2680 2656 2727 suae
2683 2660 2754 2727 in
2785 2662 2989 2727 vicem

1719 2842 2078 2865 “voceuoce

866 2969 901 3017 2
937 2964 1003 3018 In
1025 2964 1163 3017 Edd.
1180 2970 1305 3019 ante
1328 2964 1500 3018 Drak.
1530 2964 1885 3030 secretumque
1901 2963 2181 3028 sociis,eos.·
2213 2961 2304 3015 sed
2325 2960 2480 3013 τὸσου
2508 2976 2540 3011 ι
2577 2960 2842 3028 plerisque
2869 2960 2990 3011 Mss-

1789 3128 2008 3181 NOTAE

800 3264 903 3318 qno
938 3248 1129 3310 dictus,
1160 3262 1277 3300 cnm
1309 3247 1437 3300 nulli
1472 3250 1649 3297 esseut
1679 3244 1856 3295 Romo
1999 3249 2024 3278 ⁸
2055 3240 2440 3304 Alias-somam
2459 3240 2572 3291 novi
2597 3240 2828 3304 delectae]
2863 3238 2991 3291 Vere

800 3329 1061 3391 consules,
1082 3327 1369 3391 majoresve
1392 3324 1478 3375 alii
1494 3320 1858 3388 magistratus?
1935 3320 2043 3370 nevi
2060 3335 2082 3379 ‚-
2113 3319 2366 3371 bat-tenus
2399 3319 2536 3369 enim
2569 3318 2858 3369 inauditum
2892 3333 2992 3368 ser-

801 3405 1026 3469 Opiuor,
1049 3418 1144 3468 per
1163 3404 1497 3467 interregem.
1937 3410 2031 3445 vos
2053 3396 2120 3447 ad
2143 3394 2468 3445 militandum
2495 3394 2717 3445 admitti.

863 3486 890 3516 ⁸
924 3481 1161 3538 Quosdam
1178 3476 1515 3545 protestatos]
1538 3476 1768 3527 Minores
1783 3474 1858 3525 ni·
1998 3474 2024 3509 ὓ
2058 3476 2222 3527 socio·
2243 3474 2370 3541 [eos]
2407 3474 2580 3525 Socios
2600 3488 2786 3539 nempe
2810 3475 2990 3525 Roma·

796 3559 984 3610 mirum
1004 3557 1379 3621 septemdecim
1410 3556 1578 3619 annis,
1609 3553 1676 3605 ad
1707 3568 1859 3619 quam
1936 3566 2138 3603 norum.

796 3650 960 3702 usque
1004 3642 1215 3686 aetatem
1248 3632 1602 3684 adolescentes
1638 3630 1860 3682 Romani
2001 3635 2026 3663 ⁸
2071 3628 2184 3679 Noa
2226 3628 2594 3692 intmeeiaan]
2638 3626 2725 3677 Ita
2760 3627 2990 3691 Pyrrhus

795 3720 1059 3779 pretenta
1098 3711 1256 3763 ferme
1291 3709 1671 3771 induebantur3
1706 3708 1859 3773 plena
1936 3706 2076 3772 apud
2102 3706 2324 3757 Ennium
2355 3704 2620 3756 laudatum
2650 3705 2871 3755 a'l'ullio
2902 3706 2991 3755 lib.

798 3789 987 3841 deinde
1031 3788 1330 3855 pubertate,
1370 3804 1402 3837 a
1433 3801 1537 3853 qua
1572 3785 1858 3850 incipiebat
1937 3798 1979 3835 1.
2003 3780 2236 3834 officior.
2257 3780 2343 3847 qni
2375 3781 2480 3831 dno
2503 3780 2773 3845 bellorum,
2795 3788 2855 3831 ut
2875 3796 2992 3832 eon·

796 3867 1035 3919 militaris
1071 3874 1218 3931 otas,
1250 3872 1423 3930 togam
1455 3862 1653 3914 virilem
1689 3876 1856 3913 sume·
1937 3861 2246 3916 tentionurm
2285 3871 2477 3923 genera
2503 3856 2796 3921 distinguit.
2833 3859 2990 3909 ‘cun

794 3942 943 3995 bant.
1937 3934 2251 3999 Celtiberis,'
2273 3935 2458 3999 inquit,
2485 3934 2503 3962 ‘
2517 3948 2633 3984 cnm
2647 3933 2872 3984 Cimbris
2891 3934 2993 3984 bel·

858 4024 884 4059 Ι·
918 4023 999 4075 Aa
1018 4022 1194 4073 milites
1213 4018 1504 4081 exsomnis
1537 4016 1858 4081 accipiendos]
1934 4016 2041 4065 lum
2071 4023 2130 4065 ut
2157 4026 2273 4064 cuin
2304 4010 2528 4062 inimicis
2557 4010 2857 4075 gerebatur,
2877 4020 2990 4062 uter

792 4101 1089 4153 Secundum
1108 4098 1377 4149 formulam
1394 4094 1602 4146 foederis
1618 4110 1734 4145 cum
1759 4094 1855 4145 La·
1939 4100 2095 4157 esset,
2117 4106 2218 4141 non
2244 4100 2364 4141 nter
2391 4090 2674 4154 imperaret
2693 4104 2708 4138 ε
2753 4102 2873 4140 cnm
2895 4091 2988 4140 Le·

796 4178 921 4229 tinls
944 4177 1076 4232 initi,
1098 4173 1163 4225 de
1186 4188 1289 4241 quo
1311 4172 1401 4223 lib.
1424 4186 1549 4223 vm.
1567 4169 1784 4229 dictum,
1801 4180 1858 4221 et
1936 4171 2075 4233 tinia,
2139 4167 2366 4222 Sabinis,
2417 4162 2750 4222 Samnitibus,
2801 4165 2990 4221 Poenis,

793 4269 897 4321 qno
922 4252 1352 4319 proscribebatur
1368 4263 1606 4299 numerus
1626 4248 1856 4313 peditum
1936 4246 2142 4313 Pyrrho
2163 4245 2228 4295 de
2253 4242 2470 4307 imperio
2491 4240 2867 4291 dimicabatur.·

795 4332 1151 4397 equitumque,
1175 4342 1328 4394 quem
1359 4340 1680 4392 unaquaeque
1716 4326 1856 4376 Lati-
1999 4320 2019 4357 ¹
2052 4323 2120 4372 Et
2151 4318 2336 4385 patrea]
2365 4316 2430 4367 Id
2475 4326 2576 4374 est.
2599 4316 2816 4381 majores
2851 4332 2986 4373 suos.

794 4423 864 4459 na
885 4410 1067 4460 civitas
1082 4408 1329 4459 Romanis
1350 4405 1414 4456 sd
1438 4404 1628 4456 bellum
1644 4404 1854 4456 mittere
1935 4398 2412 4465 Carthaginienses,
2453 4396 2542 4461 qui
2587 4393 2727 4461 prins
2772 4411 2804 4446 a
2841 4397 2986 4447 Rom.

794 4484 1029 4537 deberet.
1933 4477 2078 4529 victi.
