3300 5225
1280 178 1427 228 mn.
1473 178 1706 229 xxiv.
1752 180 1918 230 car.
1962 164 2073 253 15.
2604 166 2777 233 2011

577 318 730 383 sine
753 319 888 385 ullo
917 320 1302 386 insidiarum
1333 328 1514 389 metu
1548 343 1710 389 vera
1737 325 1985 391 virtute
2016 326 2155 410 geri
2184 346 2293 393 res
2315 336 2573 413 posset.
2641 328 2784 409 Qui

579 430 797 505 eaput
825 422 1046 488 hostis
1073 425 1434 499 retulisset,
1459 446 1611 492 eum
1645 446 1725 492 se
1768 427 2107 511 extemplo
2134 430 2413 494 liberum
2432 430 2781 515 jussurum

580 542 788 590 esse:
834 526 952 609 qui
979 526 1135 591 loco
1167 529 1505 605 cessisset,
1534 529 1604 592 in
1631 550 1786 594 eum
1806 532 2035 596 servili
2066 532 2409 617 supplicio
2433 540 2455 567 ⁸
2482 533 2786 599 animad-

577 642 946 693 versurum.
1032 628 1238 695 Suam
1266 630 1512 715 cuique
1540 630 1877 698 fortunam
1910 634 1980 697 in
2010 654 2213 699 manu
2234 654 2423 701 esse:
2456 636 2785 701 libertatis

581 735 923 795 auctorem
949 732 1052 797 eis
1081 751 1214 796 non
1246 752 1320 797 se
1348 734 1490 799 fore
1533 734 1776 815 solum,
1818 733 1936 801 sed
1970 737 2315 801 consulem
2364 737 2463 802 M.
2495 736 2788 804 Marcel·

579 830 722 896 lum
753 840 825 899 et
851 834 1204 900 universos
1235 834 1510 919 Patres3
1535 844 1584 877 ¹¹
1631 856 1832 921 qumi,
1860 837 2205 903 consultos
2236 840 2325 904 ab
2370 860 2445 905 se
2474 840 2557 905 de
2588 841 2787 906 liber·

582 940 721 1000 tate
765 955 1022 1017 eorum,
1071 938 1202 1003 sibi
1247 938 1679 1023 permisisse.'
1695 947 1745 979 ¹²
1767 940 1787 977 ²
1868 942 2139 1008 Literas
2195 942 2347 1008 inde
2378 944 2675 1010 consulis
2700 963 2783 1009 ac

583 1044 856 1105 senatus
885 1040 1268 1106 consultum
1297 1044 1626 1109 recitavit.
1717 1043 1829 1109 Ad
1872 1065 2029 1129 quae
2076 1046 2327 1111 clamor
2355 1066 2506 1111 cum
2535 1045 2787 1130 ingenti

584 1158 868 1206 assensu
915 1149 1022 1209 est
1063 1143 1390 1211 sublatus.
1477 1144 1791 1228 Pugnam
1835 1150 2229 1232 poscebant,
2262 1150 2659 1234 signumque
2708 1156 2787 1213 ut

583 1242 779 1309 daret
805 1247 1171 1331 extemplo,
1200 1246 1512 1314 ferociter
1545 1250 1915 1316 instabant.
2004 1250 2376 1329 Gracchu5‚
2425 1251 2665 1336 praelio
2712 1253 2787 1315 in

583 1354 922 1431 posterum
970 1348 1148 1414 diem
1195 1351 1653 1435 pronuntiato,
1708 1354 2103 1419 concionem
2156 1353 2440 1418 dimisit.
2528 1352 2787 1418 Milites

581 1448 750 1529 laeti,
772 1450 1118 1535 praecipue
1143 1454 1392 1538 quibus
1423 1472 1679 1520 merces
1721 1460 1986 1521 navatae
2011 1457 2082 1519 in
2114 1474 2322 1519 unum
2354 1455 2529 1520 diem
2559 1474 2789 1539 operae

582 1550 860 1619 libertas
903 1555 1128 1621 futura
1169 1562 1386 1636 erat,¹³
1435 1558 1638 1622 armis
1686 1556 2129 1643 expediendis
2160 1557 2347 1643 quod
2388 1557 2711 1641 reliquum
2734 1564 2789 1606 ¹⁴

583 1666 1010 1724 consumunt.

673 1758 778 1823 15.
821 1759 1114 1826 Postero
1159 1760 1297 1841 die,
1341 1762 1460 1828 ubi
1501 1761 1698 1845 signa
1736 1756 2087 1846 coeperunt
2115 1781 2378 1841 canere,
2420 1760 2620 1844 primi
2645 1781 2789 1827 om-

581 1860 814 1925 nium¹¹
843 1865 1057 1948 parati
1085 1864 1520 1948 instructique
1549 1864 1636 1929 ad
1673 1864 2059 1948 praetorium
2108 1863 2539 1929 conveniunt.
2626 1864 2789 1930 Sole

581 1968 748 2042 orto,
779 1964 1130 2031 Gracchus
1173 1967 1243 2030 in
1278 1967 1492 2032 aciem
1537 1968 1774 2051 copias
1798 1966 2107 2031 'educit.¹⁵
2204 1965 2367 2031 Nec
2389 1966 2619 2032 hostes
2646 1986 2788 2031 mo·

579 2080 725 2130 ram
753 2068 1120 2133 dimicandi
1147 2068 1464 2134 fecerunt.
1511 2067 1767 2134 Decem
1786 2072 1853 2133 et
1881 2076 2143 2151 septem
2174 2068 2386 2133 millia
2408 2068 2707 2151 peditum
2735 2067 2789 2108 ¹⁶

579 2176 790 2247 erant,
819 2172 1116 2235 maxima
1159 2188 1248 2235 ex
1294 2176 1482 2255 parte
1536 2170 1785 2235 Bruttii
1829 2188 1913 2233 ac
1952 2168 2247 2233 Lucani:
2292 2172 2554 2253 equites
2602 2168 2787 2236 mille

583 2268 900 2353 ducenti3
941 2272 1118 2337 inter
1142 2292 1314 2357 quos
1343 2272 1550 2357 pauci
1579 2268 1941 2335 admodum
1963 2268 2219 2347 Italici,
2236 2272 2439 2335 ceteri
2460 2269 2783 2338 Numidae

581 2372 720 2437 fere
769 2394 1004 2441 omnes
1054 2374 1436 2461 Maurique.
1527 2374 1901 2459 Pugnatum
1946 2377 2048 2437 est
2092 2380 2165 2437 et
2210 2373 2481 2451 acriter,
2531 2379 2597 2438 et
2646 2374 2787 2440 diu.

1484 2555 1789 2578 0000000000
1790 2554 1850 2577 Μ

581 2674 728 2725 tione
749 2673 816 2724 ad
839 2673 1138 2727 Drak.—11
1174 2674 1191 2704 ‘
1217 2675 1312 2726 Sed
1330 2674 1538 2726 univers.
1565 2677 1626 2726 Ρ.
1649 2675 1817 2726 Grou.
1841 2673 1995 2723 Crev.
2016 2673 2184 2724 Drak.
2244 2673 2529 2736 Vulgatum
2552 2671 2788 2722 omuibus

577 2739 716 2792 Mas.
739 2747 794 2788 et
818 2739 1031 2804 reliquis
1050 2739 1186 2790 Edd.
1212 2740 1497 2793 tuentibus.
1561 2739 2014 2804 Elegantissimam
2038 2753 2152 2788 esse
2171 2739 2420 2789 Gronovii
2439 2738 2789 2803 conjecturam

579 2801 686 2854 non
707 2817 860 2866 nego,
883 2803 995 2865 aed,
1018 2805 1161 2856 nulia
1185 2815 1402 2870 urgente
1425 2805 1759 2867 necessitate,
1800 2804 1967 2859 Livio,
2002 2803 2177 2852 invitis
2202 2803 2332 2853 Mas.
2357 2804 2672 2867 elegantiam
2697 2803 2790 2852 ob-

579 2867 796 2920 trudere
819 2868 1014 2918 nolim.'
1048 2869 1368 2921 &rothe-12
1402 2871 1542 2921 Olim
1565 2870 1857 2934 legebatur,
1876 2871 1961 2932 qui
1991 2869 2195 2918 manui
2218 2903 2232 2917 .
2256 2903 2271 2918 .
2298 2901 2313 2918 .
2339 2901 2353 2916 .
2374 2869 2787 2930 mansissent.—

575 2936 716 2983 -13
747 2941 763 2964 ⁸
781 2933 1077 2984 Gronovius
1110 2948 1177 2984 ex
1211 2937 1342 2986 Mas.
1381 2935 1638 2986 nonnullis
1672 2933 1929 2983 malebat:
1955 2933 2121 2997 quibus
2152 2948 2326 2983 merces
2357 2939 2533 2982 navata
2562 2933 2613 2982 in
2642 2947 2789 2982 anum

577 2998 708 3048 dien
728 3013 871 3062 opera
906 2998 1144 3049 libertatis
1160 2999 1340 3058 ,futura
1359 3007 1481 3050 erat.
1547 3001 1679 3052 Quae
1703 2998 1865 3048 lectio
1898 2998 1940 3047 si
1967 3012 2089 3047 vera
2121 3007 2276 3054 esset,
2308 3003 2483 3047 mata
2516 3013 2659 3060 opera
2694 3013 2789 3062 pro

577 3063 810 3113 ablativo
830 3063 1066 3114 absoluto
1090 3065 1467 3128 accipiendum,
1488 3073 1644 3130 atque
1668 3079 1841 3114 merces
1862 3062 2099 3112 libertatis
2120 3061 2487 3125 explicandum
2512 3061 2669 3120 foret.
2692 3077 2789 3126 per

574 3129 596 3158 ‘
620 3139 818 3179 meree·
842 3144 958 3194 quae
984 3127 1227 3178 libertate
1258 3129 1513 3192 solvitur,⁹
1549 3136 1607 3180 ut
1640 3129 1889 3193 ‘praemia
1918 3128 2194 3177 bonorum’
2230 3143 2373 3191 ηερε
2408 3126 2546 3191 apud
2578 3129 2789 3178 Cicero-

573 3207 721 3256 nem,
759 3207 852 3257 pro
887 3192 1102 3258 premia
1134 3209 1253 3259 qun
1289 3196 1562 3246 honoribus
1598 3192 2185 3272 conferendisedanturg
2222 3201 2238 3225 ⁸
2266 3193 2447 3272 mortis
2490 3198 2671 3256 poena’
2694 3208 2790 3256 pro

572 3271 790 3374 255⁵}ss
798 3260 1356 3376 ‘amitttat'
1355 3257 2788 3388 ‘533'217¹023fflfi521⁹3ffl55¹35222s15322'3332ss

573 3402 690 3453 neq.
711 3387 930 3452 intelligi
954 3397 1128 3439 monet
1155 3389 1318 3440 Drak.
1370 3390 1470 3440 diei
1492 3404 1586 3455 pro
1607 3391 1727 3454 quod
1749 3385 1897 3440 dedit
1914 3386 2096 3438 Gron.'
2132 3389 2335 3451 Rupert.

649 3457 708 3503 1⁵
745 3453 936 3503 Eduxit
959 3452 1098 3504 Edu.
1120 3463 1242 3507 aute
1264 3455 1628 3507 Omnem—16
1662 3457 1679 3486 ‘
1696 3455 1943 3505 Melior-es
1964 3469 1977 3500 =
2002 3453 2180 3503 Decem
2195 3458 2371 3516 neptem
2387 3452 2537 3502 ”tillia
2556 3451 2788 3516 pediam,

1575 3599 1793 3653 NOTAE

571 3697 938 3763 riacousultoa,
960 3696 1228 3763 profanus,
1249 3698 1336 3766 qui
1361 3700 1502 3750 nulla
1524 3700 1639 3751 reli·
1720 3697 2030 3762 supplicium
2056 3711 2344 3748 servorum.

575 3775 738 3840 gione
769 3781 978 3826 tenetur
998 3791 1016 3838 3
1046 3777 1138 3826 sed
1159 3775 1246 3842 qni
1270 3776 1478 3842 proprie
1502 3792 1640 3827 cam·
1785 3777 1804 3810 ⁸
1832 3775 1915 3824 De
1934 3773 2156 3825 libertate
2176 3789 2355 3837 mum,
2376 3773 2467 3824 sibi
2492 3770 2786 3838 per-minian]

569 3867 696 3917 pua,
715 3853 976 3904 montibus
1001 3853 1288 3904 coliibuave
1318 3861 1374 3903 et
1396 3853 1638 3903 convalli·
1719 3851 1967 3915 Intellige
1981 3852 2201 3900 liberum
2222 3850 2490 3901 arbitrium
2506 3849 2788 3899 decernen-

568 3928 673 3978 δυο
695 3937 862 3980 caret.
925 3929 1066 3979 Gall.
1089 3943 1148 3978 en
1169 3943 1274 3980 rare
1293 3923 1566 3992 campagn‘e.
1720 3929 1794 3994 di,
1817 3929 1904 3993 qui
1930 3927 2175 3978 libertate
2196 3929 2338 3992 digni
2365 3935 2559 3977 essent.

643 4011 664 4038 ⁸
693 4005 874 4058 Servili
887 4005 1139 4071 supplicio]
1163 4005 1226 4056 Id
1247 4012 1346 4072 est,
1365 4007 1416 4055 in
1433 4021 1640 4056 crucem
1786 4014 1809 4040 ⁸
1844 4005 2007 4056 Primi
2038 4004 2267 4069 muium]
2315 4006 2561 4068 Volones,
2596 4016 2786 4067 nempe

571 4081 932 4147 patibulumve
969 4081 1312 4146 sublaturum,
1351 4079 1490 4147 quod
1526 4089 1640 4133 erat
1723 4091 1847 4133 ante
1868 4095 2046 4134 omnes
2069 4081 2213 4132 alios.

295 4949 3007 5225 —
