3300 5225
1341 175 1484 223 ma.
1534 172 1771 226 xxiv.
1815 176 1981 223 cn.
2024 158 2135 224 27.·
2653 158 2829 225 2033

633 318 891 385 scelera
919 319 1370 385 imitarentur?
1455 320 1639 387 Inter
1666 322 1818 387 haec
1856 323 2263 387 abstractam
2296 337 2337 384 a
2369 321 2825 404 penetralibus

627 421 978 507 jugulant:
1021 424 1094 486 in
1121 423 1406 505 virgines
1455 422 1713 501 deiude,
1762 442 2100 509 respersas
2146 426 2377 489 matris
2419 443 2673 503 cruore,
2702 425 2825 487 im·

633 535 864 609 petum
895 522 1171 589 faciunt.
1259 523 1460 604 Quae,
1485 526 1780 593 alienata
1804 534 2017 592 mente
2044 527 2243 590 simul
2271 526 2449 591 luctu
2480 536 2822 611 metuque,

631 628 814 693 velut
841 636 1061 710 captae
1088 626 1332 703 furore,
1363 648 1446 693 eo
1477 648 1679 695 cursu
1698 638 1721 677 ³
1754 648 1829 693 se
1858 648 1951 694 ex
1990 629 2287 694 sacrario
2332 630 2821 714 proripuerunt,

629 736 733 808 ut,
764 732 824 795 si
853 729 1166 813 effugium
1195 732 1528 815 patuisset
1556 734 1624 797 in
1664 734 2032 816 publicum,
2057 730 2431 815 impleturae
2466 726 2694 797 urbem
2722 740 2824 797 tu-

629 832 842 897 multu
889 832 1146 898 fueriut.
1233 834 1406 899 Tum
1460 852 1732 919 quoque
1776 834 1955 899 baud
2003 853 2241 916 magno
2286 834 2527 899 aedium
2580 835 2825 918 spatio,

629 936 800 1001 inter
840 935 1100 1001 medios
1137 943 1240 1001 tot
1283 943 1598 1013 armatos,
1645 936 2009 1019 aliquoties
2044 936 2305 1019 integro
2348 954 2627 1018 corpore
2666 955 2823 1000 eva-

629 1042 882 1116 serunt,
913 1040 1434 1123 tenentibusque,
1472 1058 1626 1103 cum
1676 1046 1782 1104 tot
1826 1058 1909 1104 ac
1964 1046 2101 1103 tam
2146 1038 2395 1103 validae
2442 1038 2819 1103 eluctandae

627 1158 864 1205 manus
893 1146 1148 1216 esseut,
1180 1160 1330 1205 sese
1375 1143 1796 1226 eripuerunt:
1820 1146 1855 1189 4
1898 1141 2193 1219 tandem,
2234 1140 2615 1204 vulneribus
2660 1158 2821 1204 con-

626 1241 851 1321 fectae‚
893 1260 1046 1307 cum
1093 1242 1319 1308 omnia
1357 1243 1723 1327 replessent
1762 1244 2108 1326 sanguine,
2162 1242 2506 1307 exanimes
2550 1260 2821 1307 corrue-

625 1352 818 1427 runt3
863 1345 1250 1429 caedemque
1279 1365 1404 1429 per
1431 1366 1505 1410 se
1531 1346 1980 1411 miserabilem
2024 1346 2565 1410 miserabiliorem
2612 1364 2817 1409 casus

625 1448 810 1526 fecit,
860 1449 1040 1532 quod
1091 1449 1298 1533 paulo
1339 1456 1495 1532 post
1529 1450 1801 1514 nuntius
1837 1450 2043 1527 venit,
2086 1448 2365 1513 mutatis
2408 1454 2681 1530 repente
2726 1448 2815 1513 ad

627 1550 1158 1617 misericordiam
1198 1552 1482 1630 animis,⁰
1525 1570 1610 1615 ne
1654 1550 2220 1617 interficerentur!
2306 1548 2421 1614 Ira
2450 1550 2687 1617 deinde
2724 1570 2815 1615 ex

625 1654 1080 1720 misericordia
1109 1662 1274 1733 orta,
1297 1653 1479 1740 quod
1509 1654 1683 1719 adeo
1703 1654 2087 1720 festinatum
2124 1654 2215 1719 ad
2249 1655 2681 1737 supplicium,
2706 1674 2820 1721 ue-

625 1776 760 1839 que
802 1756 1002 1823 locus
1055 1757 1422 1843 poenitendi
1469 1764 1590 1823 aut
1632 1775 1979 1839 regressus
2025 1758 2113 1822 ab
2156 1758 2257 1822 ira
2298 1757 2570 1822 relictus
2609 1764 2839 1847 esset„

625 1857 875 1945 Itaque
928 1862 1202 1927 fremere
1247 1860 1631 1940 multitudo,
1684 1866 1753 1924 et
1796 1861 1868 1924 in
1926 1860 2155 1925 locum
2214 1859 2678 1926 Andranodori
2727 1880 2813 1926 ac

622 1959 954 2029 Themisti
989 1963 1174 2050 (nam
1214 1966 1414 2034 ambo
1463 1970 1785 2050 praetores
1826 1961 2122 2048 fuerant)
2176 1964 2448 2029 comitia
2495 1982 2813 2046 poscere:

621 2083 782 2147 quae
825 2085 1241 2151 nequaquam
1288 2086 1380 2131 ex
1419 2067 1752 2133 sententia
1795 2073 2159 2150 praetorum
2199 2066 2423 2131 futura
2455 2072 2700 2133 essent.

605 2176 614 2190 “
707 2168 821 2234 2¹7.
865 2168 1180 2234 Statutus
1229 2174 1373 2234 est⁵
1427 2168 1721 2235 comitiis
1758 2166 1942 2234 diest
1988 2186 2145 2253 quo,
2196 2185 2323 2231 nec
2374 2168 2812 2251 opinantibus

617 2271 987 2352 omnibus,⁹
1012 2292 1189 2338 unus
1221 2292 1310 2337 ex
1345 2272 1585 2337 ultima
1631 2272 1829 2336 turba
1856 2268 2225 2357 Epicydem
2254 2272 2640 2346 nominavit,
2674 2277 2810 2337 tum

617 2372 780 2438 inde
809 2373 988 2439 alius
1019 2375 1541 2460 Hippocratem.
1630 2372 2018 2439 crebriores
2048 2374 2291 2441 deinde
2328 2393 2429 2438 eae
2473 2392 2707 2453 voces,
2740 2381 2811 2441 et

619 2494 774 2541 cum
811 2476 994 2543 baud
1028 2476 1236 2543 dubio
1275 2496 1558 2543 assensu
1595 2474 2039 2542 multitudinis
2076 2487 2270 2541 esse!
2353 2476 2447 2541 Et
2478 2485 2620 2541 erat
2647 2496 2811 2543 cou-

616 2578 777 2645 fusa
816 2580 1082 2663 concio,
1111 2601 1248 2647 non
1287 2578 1597 2666 populari
1635 2577 1865 2659 modo,
1894 2579 2016 2645 sed
2054 2578 2329 2645 militari
2368 2598 2637 2665 quoque
2675 2587 2809 2645 tur·

616 2679 762 2760 ba,⁶
790 2705 1034 2770 magna
1063 2705 1154 2750 ex
1183 2689 1368 2771 parte
1403 2667 1616 2765 'etiam
1651 2681 1976 2768 perfugis,
2006 2683 2125 2766 qui
2155 2683 2380 2748 omnia
2405 2701 2651 2749 novare
2690 2704 2807 2749 cu-

615 2785 914 2867 piebant,
939 2788 1314 2872 permixtis.
1380 2786 1715 2852 Praetores
1739 2784 2161 2851 dissimulare
2178 2786 2418 2870 primo,
2448 2789 2520 2849 et
2542 2785 2807 2852 trahen-

680 2978 708 3002 ⁸
745 2971 866 3021 Canu
897 2971 1103 3022 Senatu
1120 2973 1406 3038 populumne
1436 2972 1592 3022 cubito
1611 2970 1822 3022 animum
1844 2969 2102 3036 flexissent
2120 2971 2181 3020 ad
2200 2969 2585 3028 misericordiam,
2612 2970 2807 3024 annau

615 3034 676 3084 ab
697 3036 766 3084 eis
783 3037 956 3086 niam
970 3037 1158 3086 admit
1181 3043 1343 3087 vetant
1355 3053 1416 3088 ne
1431 3039 1754 3086 occiderentur
1771 3035 2010 3086 Heraclea
2026 3036 2225 3102 afilia.

680 3109 708 3143 ⁹
739 3101 942 3150 Nemiaae
961 3102 1013 3150 id
1039 3101 1276 3164 opinate,
1295 3103 1395 3152 siue
1415 3103 1675 3166 inopinato.

679 3172 704 3198 ⁸
737 3165 837 3213 11ae
871 3180 1004 3214 voces
1022 3167 1364 3217 amnia-antima
1387 3167 1733 3232 Hippocratem
1764 3170 1813 3216 et
1848 3165 2126 3231 Epicydem,
2156 3165 2512 3230 excipiebantur
2537 3165 2807 3217 indubitato

613 3234 666 3280 et
682 3235 843 3294 aperto
863 3245 1086 3280 emam
1099 3231 1270 3295 plebis.

1534 3345 1598 3365 ‘O

777 3480 915 3527 t.-2
950 3477 1088 3528 Olim
1111 3475 1402 3540 legebatur,
1427 3477 1583 3528 hostes
1603 3477 1722 3529 irati
1740 3477 2147 3528 obstiteram—8
2179 3475 2255 3524 Eo
2272 3489 2415 3524 cum
2435 3487 2501 3522 ex
2524 3472 2658 3536 conj.
2684 3473 2804 3523 Flo·

613 3541 810 3590 rebelli.
879 3542 942 3591 Iu
964 3543 1092 3592 Mn.
1114 3550 1168 3592 et
1194 3543 1325 3592 Edd.
1351 3555 1472 3593 ante
1494 3545 1725 3595 Gronov.
1755 3559 1894 3592 cursu
1923 3551 1981 3592 et
2012 3543 2314 3590 occuram—4
2348 3543 2363 3568 ⁶
2386 3539 2501 3588 Sese
2533 3539 2803 3602 eripuerunt

611 3618 717 3654 non
739 3613 920 3655 extant
941 3607 994 3656 in
1017 3607 1121 3657 Ms-
1148 3607 1396 3658 cantabr.
1430 3617 1484 3658 et
1518 3611 1739 3673 glossam
1764 3609 2021 3663 redolent,
2043 3605 2109 3655 ad
2134 3603 2397 3668 praecedd.
2420 3603 2473 3652 in
2494 3603 2679 3668 quibu·
2712 3618 2802 3653 oa-

611 3670 730 3720 dem
755 3671 891 3722 ineat
911 3673 1188 3733 sententia,
1209 3673 1527 3739 ascriptam.'
1559 3675 1761 3738 Rupere.

677 3742 710 3786 5
744 3735 763 3764 ‘
785 3736 911 3788 Put.
929 3745 990 3788 ot
1017 3739 1140 3788 Pet.
1171 3744 1344 3790 esunt.
1409 3739 1587 3798 Forte,
1617 3739 1849 3790 Statum
1880 3743 1951 3789 ent
1970 3737 2083 3788 inan
2102 3734 2307 3786 mitiis
2337 3731 2477 3786 dies-²
2508 3734 2562 3786 J.
2584 3734 2645 3784 F.
2664 3732 2799 3784 Gro-

1591 3869 1819 3922 NOTAE

673 3969 698 3997 ⁰
731 3965 942 4016 Munatio
972 3972 1188 4030 repente.
1204 3998 1222 4016 .
1239 3997 1256 4018 .
1271 3965 1468 4030 mna]
1507 3967 1669 4020 Seu·-
1738 3968 1837 4020 mis
1858 3966 1925 4018 ad
1946 3963 2333 4018 miserationem
2348 3957 2519 4013 flexis.

610 4043 695 4090 tus
717 4053 904 4106 nempe
939 4048 996 4092 et
1027 4043 1204 4108 populi
1225 4043 1538 4108 Syracusani
1557 4044 1668 4096 aul-

343 4952 2993 5225 —
