3300 5225
1320 152 1472 200 nnn.
1519 150 1752 202 xxm.
1798 150 1964 200 car».
2007 135 2119 202 22.
2653 134 2827 201 2023

622 312 788 378 nihil
820 312 890 377 in
919 308 1174 378 talibus
1201 311 1400 376 rebus
1423 315 1534 375 est
1559 309 1877 396 celerius)
1928 310 2049 377 sed
2076 310 2347 376 nuntius
2378 310 2577 377 etiam
2604 330 2695 377 ex
2722 331 2824 377 re-

624 415 754 499 giis
784 414 1024 479 servis.
1114 413 1352 496 Itaque
1385 411 1916 479 Andranodorus
1958 420 2025 479 et
2072 412 2375 479 Insulam
2408 420 2478 479 et
2506 432 2729 479 arcem
2760 421 2829 481 et

623 517 782 596 alia,
813 535 968 601 quoe
1018 520 1306 599 poterat,
1338 534 1628 599 quaeque
1681 520 2067 600 opportuna
2111 522 2319 594 erant,
2359 516 2693 599 proesidiis
2720 516 2828 581 fir·

621 626 866 685 marat.
955 617 1330 703 Hexapylo
1351 614 1382 655 ‘¹
1422 616 1815 684 Theodotus
1864 636 1947 682 ac
1996 618 2193 682 Sosis
2244 626 2405 703 post
2434 618 2602 683 solis
2632 638 2827 683 occa·

623 740 772 785 sum
789 720 933 805 jam
961 721 1256 785 obscura
1284 719 1434 785 luce
1469 721 1741 799 invecti,
1759 738 1910 785 cum
1939 727 2279 786 cruentam
2300 720 2549 803 regiam
2576 730 2827 787 vestem

623 830 827 907 atque
851 824 1110 905 insigne
1139 822 1386 905 capitis
1416 826 1843 898 ostentarent,
1876 824 2154 889 travecti
2183 843 2305 906 per
2334 821 2688 907 Tycham,¹
2734 822 2828 887 si·

621 926 764 991 mul
814 926 902 989 ad
952 926 1353 1003 libertatem,
1406 925 1608 991 simul
1653 925 1739 992 ad
1782 944 1967 991 arma
1996 932 2339 1004 vocantes,
2382 926 2449 990 in
2501 922 2825 991 Achradi-

621 1034 816 1092 num²
841 1028 1188 1091 convenire
1217 1025 1488 1111 jubent.
1577 1026 1980 1106 Multitudo,
2009 1046 2171 1112 pars
2201 1028 2530 1112 procurrit
2558 1028 2627 1093 in
2657 1028 2829 1107 viae,

624 1148 782 1212 pars
803 1136 826 1177 ³
871 1129 940 1192 in
970 1128 1326 1193 vestibulis
1373 1136 1541 1204 stat,
1591 1148 1755 1213 pars
1802 1148 1895 1193 ex
1944 1130 2143 1195 tectis
2183 1129 2623 1213 fenestrisque
2677 1148 2828 1213 pro·

623 1236 952 1315 spectant,
997 1237 1090 1307 et,
1120 1231 1278 1315 quid
1321 1232 1414 1297 rei
1446 1232 1563 1309 sit,
1614 1232 1933 1313 rogitant.
2022 1231 2269 1297 Omnia
2295 1231 2659 1297 luminibus
2690 1232 2831 1297 col-

621 1332 872 1411 lucent,
903 1333 1320 1417 strepituque
1351 1334 1554 1399 variu
1568 1334 2009 1417 complentur.
2102 1332 2355 1399 Armati
2400 1334 2571 1427 locis
2596 1341 2833 1418 paten-

627 1434 812 1500 tibus
861 1441 1372 1517 congregantur.
1479 1435 1775 1501 Inermes
1822 1454 1917 1499 ex
1974 1434 2279 1520 Olympii
2332 1434 2529 1501 Jovis
2580 1437 2831 1519 templo

629 1539 849 1621 spolia
898 1536 1246 1603 Gallorum
1288 1538 1824 1621 Illyriorumque,
1864 1536 2039 1603 dono
2084 1536 2239 1603 data
2286 1538 2570 1603 Hieroni
2621 1557 2664 1603 a
2706 1558 2823 1623 po·

625 1639 794 1723 pulo
827 1639 1142 1704 Romano
1173 1640 1446 1725 fixaque
1486 1640 1574 1704 ab
1615 1658 1723 1718 eo,
1765 1639 2137 1721 detrahunt,
2174 1648 2529 1725 precantes
2564 1640 2609 1707 J
2614 1660 2833 1722 ovem,

627 1747 704 1807 ut
730 1741 970 1807 volens
1018 1742 1350 1827 propitius
1398 1742 1701 1825 praebeat
1748 1760 1947 1807 sacra
1986 1762 2198 1821 arma,
2246 1762 2369 1828 pro
2415 1744 2663 1828 patria,
2710 1763 2834 1828 pro

630 1844 858 1911 Deum
885 1844 1203 1923 delubris,
1233 1864 1356 1927 pro
1395 1844 1703 1909 libertate
1734 1862 1887 1909 sese
1936 1845 2369 1909 armantibus.
2457 1845 2641 1911 Haec
2668 1864 2835 1929 quo-

630 1967 762 2032 que
809 1946 1192 2025 multitudo,
1237 1946 1632 2011 stationibus
1686 1964 1809 2028 per
1855 1946 2203 2031 principes
2252 1946 2592 2029 regionum
2642 1948 2833 2012 urbis

627 2049 1002 2134 dispositiS,
1033 2048 1438 2135 adjungitur.
1526 2048 1612 2112 In
1636 2048 1898 2127 Insula,
1917 2050 2093 2113 inter
2118 2054 2367 2127 cetera,
2388 2048 2835 2115 Andranodo-

625 2172 744 2218 rus
774 2153 1112 2238 praesidiis
1141 2152 1360 2217 firmat
1389 2152 1626 2215 horrea
1651 2151 1948 2235 publica.
2018 2150 2273 2229 LocuS,
2294 2172 2469 2216 saxo
2499 2151 2833 2236 quadrato

631 2262 874 2340 septus
919 2263 1125 2341 atque
1169 2255 1345 2319 arcis
1371 2255 1444 2319 in
1477 2252 1755 2319 modum
1786 2256 2147 2332 emunitus,
2174 2254 2438 2339 capitur
2488 2255 2577 2319 ab
2596 2254 2833 2338 juven-

629 2362 795 2435 tute,
826 2379 980 2443 quae
1012 2357 1340 2443 praesidio
1361 2358 1507 2442 ejus
1533 2358 1675 2424 loci
1704 2358 2023 2423 attributa
2049 2362 2210 2437 erat,
2240 2359 2643 2441 mittuntque
2672 2376 2833 2422 nun-

632 2460 772 2523 tios
802 2460 870 2524 in
912 2458 1390 2539 Achradinam,
1421 2461 1661 2527 horrea
1686 2461 2221 2545 frumentumque
2267 2460 2337 2525 in
2390 2465 2667 2527 senatus
2711 2480 2836 2546 po-

633 2568 878 2630 testate
901 2581 1073 2629 esse.

717 2663 824 2730 22.
871 2664 1058 2730 Luce
1102 2666 1320 2750 prima
1362 2665 1665 2750 populus
1706 2666 1925 2730 omnis
1971 2672 2271 2731 armatus
2317 2665 2718 2749 inermisque
2762 2666 2833 2730 in

631 2765 1082 2832 Achradinam
1127 2767 1212 2832 ad
1253 2771 1504 2833 curiam
1547 2768 1887 2833 convenit.
1975 2767 2084 2833 Ibi
2116 2787 2237 2853 pro
2270 2765 2664 2834 Concordiae
2688 2789 2831 2850 ara,

637 2889 792 2954 quae
822 2870 890 2934 in
919 2889 1002 2934 eo
1031 2870 1168 2935 sita
1206 2871 1361 2935 loco
1397 2879 1563 2949 erat,
1591 2891 1683 2936 ex
1725 2871 2146 2956 principibus
2186 2891 2359 2936 unus
2404 2871 2672 2936 nomine
2702 2871 2838 2936 Po-

633 2973 894 3056 lyaeuus
910 2979 944 3021 4
969 2973 1354 3039 concionem
1385 2979 1454 3040 et
1479 2974 1761 3038 liberam
1784 2980 1855 3038 et
1883 2972 2295 3039 moderatam
2324 2971 2597 3038 habuit:
2643 2976 2664 3008 ‘
2686 2973 2840 3038 Ser»-

1553 3149 1917 3174 ΟΟΜΟΜΟΟΟ

638 3268 760 3313 aute
800 3263 1129 3314 otonem—1
1163 3262 1248 3314 Al.
1277 3263 1474 3313 nicam
1495 3269 1550 3314 et
1574 3263 1859 3314 Reum—2
1894 3262 1980 3314 ΑΙ.
2016 3263 2419 3314 Amisum—8
2452 3262 2469 3291 ‘
2494 3259 2635 3312 Add.
2668 3261 2840 3312 adum

635 3327 772 3380 Edu.
799 3337 923 3380 ante
948 3327 1112 3378 Drak.
1179 3327 1286 3380 Sed
1307 3329 1510 3379 mallem
1534 3330 1693 3380 etiam
1721 3333 2066 3394 procurrunt..
2082 3361 2099 3378 .
2117 3362 2132 3379 .
2150 3326 2321 3378 aaut?
2352 3327 2551 3378 Stroth·

635 3587 872 3648 civitate,
909 3586 1259 3652 impoaitoque
1297 3587 1444 3638 unius
1477 3603 1544 3638 ex
1571 3586 1703 3637 filia·
1784 3585 1964 3636 Insula
1998 3585 2371 3649 Syracusarum
2414 3583 2627 3648 proprie
2654 3597 2843 3634 nomen

637 3665 737 3715 bus
773 3663 998 3714 nomine.
1068 3663 1242 3714 Hodie
1273 3664 1459 3714 Siculis
1481 3663 1705 3714 Βίτωνα
1784 3663 1927 3722 tulit,
1934 3661 2221 3726 junctaque
2238 3667 2353 3710 erat
2372 3668 2529 3724 ponte
2544 3674 2661 3710 cum
2678 3658 2841 3710 Acra-

637 3741 846 3803 dicitur,
873 3739 1122 3804 Hispania
1149 3739 1532 3790 dominantibus
1553 3740 1703 3790 Sara·
1784 3739 1925 3789 dina.
1990 3737 2091 3787 His
2130 3745 2349 3801 quatuor
2388 3737 2623 3800 partibus
2661 3735 2843 3800 adjici-

636 3831 796 3880 ςοηα.
863 3818 948 3868 Ex
987 3823 1210 3880 quatuor
1251 3817 1462 3866 urbibus
1503 3822 1707 3866 conata-
1782 3823 1937 3865 untur
1956 3813 2211 3880 Epipolae,
2234 3827 2351 3879 qun
2386 3825 2507 3876 para
2538 3811 2703 3862 instar
2721 3811 2844 3862 aube-

639 3893 754 3957 bat,
775 3906 840 3943 ea
861 3907 1046 3956 nempe
1067 3907 1187 3958 quae
1209 3893 1388 3942 Insula
1411 3891 1703 3953 dicebatur,
1782 3891 1939 3942 urbii.

639 3969 924 4032 Acradina,
974 3970 1052 4034 (in
1101 3983 1206 4034 qua
1259 3969 1506 4032 templum
1555 3969 1705 4020 Jovia
1848 3967 1872 4002 ὓ
1906 3965 2185 4031 Hexapylo]
2220 3965 2381 4015 Porta
2399 3963 2501 4017 fuit
2523 3964 2575 4016 in
2604 3979 2668 4016 ea
2690 3971 2843 4030 parte

641 4047 918 4116 Olympii)
947 4047 1142 4114 Tycha,
1163 4054 1219 4098 et
1241 4045 1482 4112 Neapoli.
1533 4045 1704 4098 Porro
1783 4061 1903 4114 qua
1927 4045 2081 4112 melu
2102 4043 2391 4096 dicebatur.

315 4917 3017 5225 —
