<?xml version="1.0" encoding="UTF-8"?>
<!DOCTYPE html PUBLIC "-//W3C//DTD XHTML 1.0 Transitional//EN"
    "http://www.w3.org/TR/xhtml1/DTD/xhtml1-transitional.dtd">
<html xmlns="http://www.w3.org/1999/xhtml" xml:lang="en" lang="en">
 <head>
  <title>
</title>
<meta http-equiv="Content-Type" content="text/html;charset=utf-8" />
  <meta name='ocr-system' content='tesseract 3.04.00' />
  <meta name='ocr-capabilities' content='ocr_page ocr_carea ocr_par ocr_line ocrx_word'/>
</head>
<body>
  <div class='ocr_page' id='page_1' title='image "./tliviipatavinih19unkngoog_0076.png"; bbox 0 0 3300 5225; ppageno 0'>
   <div class='ocr_carea' id='block_1_1' title="bbox 860 488 2525 567">
    <p class='ocr_par' dir='ltr' id='par_1_1' title="bbox 860 488 2525 567">
     <span class='ocr_line' id='line_1_1' title="bbox 860 488 2525 567; baseline 0.004 -15"><span class='ocrx_word' id='word_1_1' title='bbox 860 498 1068 553; x_wconf 75' lang='lat' dir='ltr'><strong>msm</strong></span> <span class='ocrx_word' id='word_1_2' title='bbox 1119 502 1260 553; x_wconf 82' lang='lat' dir='ltr'><strong>xx.</strong></span> <span class='ocrx_word' id='word_1_3' title='bbox 1305 505 1653 556; x_wconf 67' lang='lat' dir='ltr'><strong>summm</strong></span> <span class='ocrx_word' id='word_1_4' title='bbox 1668 504 1952 557; x_wconf 68' lang='lat' dir='ltr'><strong>surum.</strong></span> <span class='ocrx_word' id='word_1_5' title='bbox 2346 488 2525 567; x_wconf 70' lang='lat'><strong>1649</strong></span> 
     </span>
    </p>
   </div>
   <div class='ocr_carea' id='block_1_2' title="bbox 278 641 2519 3838">
    <p class='ocr_par' dir='ltr' id='par_1_2' title="bbox 278 641 2519 3838">
     <span class='ocr_line' id='line_1_2' title="bbox 290 641 2191 731; baseline 0.001 -24"><span class='ocrx_word' id='word_1_6' title='bbox 290 647 636 708; x_wconf 74' lang='lat' dir='ltr'><strong>adulatione</strong></span> <span class='ocrx_word' id='word_1_7' title='bbox 675 655 738 708; x_wconf 91' lang='lat' dir='ltr'><strong>et</strong></span> <span class='ocrx_word' id='word_1_8' title='bbox 775 648 1100 730; x_wconf 75' lang='lat' dir='ltr'><strong>tyrannicis</strong></span> <span class='ocrx_word' id='word_1_9' title='bbox 1137 648 1400 711; x_wconf 87' lang='lat' dir='ltr'><strong>consiliis</strong></span> <span class='ocrx_word' id='word_1_10' title='bbox 1433 650 1717 731; x_wconf 86' lang='lat' dir='ltr'><strong>corrupit,</strong></span> <span class='ocrx_word' id='word_1_11' title='bbox 1752 648 2017 730; x_wconf 82' lang='lat' dir='ltr'>bellique</span> <span class='ocrx_word' id='word_1_12' title='bbox 2058 641 2191 709; x_wconf 76' lang='lat' dir='ltr'><strong>Ro‘-</strong></span> 
     </span>
     <span class='ocr_line' id='line_1_3' title="bbox 287 745 2197 828; baseline 0.001 -23"><span class='ocrx_word' id='word_1_13' title='bbox 287 745 474 817; x_wconf 87' lang='lat' dir='ltr'><strong>mani,</strong></span> <span class='ocrx_word' id='word_1_14' title='bbox 490 753 554 805; x_wconf 89' lang='lat' dir='ltr'><strong>et</strong></span> <span class='ocrx_word' id='word_1_15' title='bbox 568 745 886 806; x_wconf 86' lang='lat' dir='ltr'><strong>multarum</strong></span> <span class='ocrx_word' id='word_1_16' title='bbox 913 755 1194 828; x_wconf 83' lang='lat' dir='ltr'><strong>praeterea</strong></span> <span class='ocrx_word' id='word_1_17' title='bbox 1217 748 1648 817; x_wconf 78' lang='lat' dir='ltr'><strong>calamitatum,</strong></span> <span class='ocrx_word' id='word_1_18' title='bbox 1674 766 1877 807; x_wconf 85' lang='lat' dir='ltr'><strong>suasor</strong></span> <span class='ocrx_word' id='word_1_19' title='bbox 1900 756 1963 806; x_wconf 88' lang='lat' dir='ltr'><strong>et</strong></span> <span class='ocrx_word' id='word_1_20' title='bbox 1986 754 2197 807; x_wconf 77' lang='lat' dir='ltr'><strong>auctor</strong></span> 
     </span>
     <span class='ocr_line' id='line_1_4' title="bbox 287 842 2517 925; baseline 0.001 -23"><span class='ocrx_word' id='word_1_21' title='bbox 287 844 344 902; x_wconf 85' lang='lat' dir='ltr'><strong>ei</strong></span> <span class='ocrx_word' id='word_1_22' title='bbox 371 843 592 903; x_wconf 84' lang='lat' dir='ltr'><strong>extitit.</strong></span> <span class='ocrx_word' id='word_1_23' title='bbox 674 842 830 903; x_wconf 87' lang='lat' dir='ltr'><strong>Post</strong></span> <span class='ocrx_word' id='word_1_24' title='bbox 855 842 1006 903; x_wconf 86' lang='lat' dir='ltr'><strong>hanc</strong></span> <span class='ocrx_word' id='word_1_25' title='bbox 1051 864 1308 925; x_wconf 80' lang='lat' dir='ltr'><strong>pugnam</strong></span> <span class='ocrx_word' id='word_1_26' title='bbox 1350 842 1590 905; x_wconf 86' lang='lat' dir='ltr'><strong>Pharus</strong></span> <span class='ocrx_word' id='word_1_27' title='bbox 1632 864 1710 903; x_wconf 91' lang='lat' dir='ltr'><strong>ex</strong></span> <span class='ocrx_word' id='word_1_28' title='bbox 1755 844 1963 904; x_wconf 89' lang='lat' dir='ltr'><strong>itinere</strong></span> <span class='ocrx_word' id='word_1_29' title='bbox 1990 852 2189 925; x_wconf 86' lang='lat' dir='ltr'><strong>capta,</strong></span> <span class='ocrx_word' id='word_1_30' title='bbox 2235 847 2413 916; x_wconf 80' lang='lat' dir='ltr'><strong>Polyb.</strong></span> <span class='ocrx_word' id='word_1_31' title='bbox 2430 866 2517 899; x_wconf 80' lang='grc' dir='ltr'><strong>ιιι.</strong></span> 
     </span>
     <span class='ocr_line' id='line_1_5' title="bbox 278 919 2465 1045; baseline 0.002 -48"><span class='ocrx_word' id='word_1_32' title='bbox 278 941 574 1020; x_wconf 86' lang='lat' dir='ltr'><strong>jussuque</strong></span> <span class='ocrx_word' id='word_1_33' title='bbox 599 939 962 1021; x_wconf 74' lang='lat' dir='ltr'><strong>imperatoris</strong></span> <span class='ocrx_word' id='word_1_34' title='bbox 979 940 1210 1023; x_wconf 86' lang='lat' dir='ltr'><strong>direpta</strong></span> <span class='ocrx_word' id='word_1_35' title='bbox 1237 950 1298 1001; x_wconf 93' lang='lat' dir='ltr'><strong>et</strong></span> <span class='ocrx_word' id='word_1_36' title='bbox 1321 941 1519 1002; x_wconf 85' lang='lat' dir='ltr'><strong>diruta</strong></span> <span class='ocrx_word' id='word_1_37' title='bbox 1544 949 1649 1003; x_wconf 88' lang='lat' dir='ltr'><strong>est.</strong></span> <span class='ocrx_word' id='word_1_38' title='bbox 1710 940 1947 1025; x_wconf 81' lang='lat' dir='ltr'><strong>Illyrici</strong></span> <span class='ocrx_word' id='word_1_39' title='bbox 1976 938 2193 1002; x_wconf 89' lang='lat' dir='ltr'><strong>deinde</strong></span> <span class='ocrx_word' id='word_1_40' title='bbox 2218 919 2465 1045; x_wconf 48' lang='grc' dir='ltr'><strong>Ῑὲρρω.</strong></span> 
     </span>
     <span class='ocr_line' id='line_1_6' title="bbox 291 1036 2351 1121; baseline 0 -27"><span class='ocrx_word' id='word_1_41' title='bbox 291 1036 473 1095; x_wconf 86' lang='lat' dir='ltr'><strong>rebus</strong></span> <span class='ocrx_word' id='word_1_42' title='bbox 505 1056 586 1096; x_wconf 89' lang='lat' dir='ltr'><strong>ex</strong></span> <span class='ocrx_word' id='word_1_43' title='bbox 635 1038 925 1097; x_wconf 79' lang='lat' dir='ltr'><strong>sententia</strong></span> <span class='ocrx_word' id='word_1_44' title='bbox 971 1036 1272 1109; x_wconf 87' lang='lat' dir='ltr'><strong>ordinatis,</strong></span> <span class='ocrx_word' id='word_1_45' title='bbox 1320 1038 1398 1098; x_wconf 89' lang='lat' dir='ltr'><strong>ad</strong></span> <span class='ocrx_word' id='word_1_46' title='bbox 1441 1037 1801 1119; x_wconf 87' lang='lat' dir='ltr'><strong>triumphum</strong></span> <span class='ocrx_word' id='word_1_47' title='bbox 1850 1038 2189 1119; x_wconf 71' lang='lat' dir='ltr'><strong>petendum,</strong></span> <span class='ocrx_word' id='word_1_48' title='bbox 2215 1044 2351 1121; x_wconf 62' lang='lat' dir='ltr'><strong>Illyr.</strong></span> 
     </span>
     <span class='ocr_line' id='line_1_7' title="bbox 283 1108 2514 1225; baseline 0.002 -34"><span class='ocrx_word' id='word_1_49' title='bbox 283 1132 514 1193; x_wconf 82' lang='lat' dir='ltr'><strong>affecta</strong></span> <span class='ocrx_word' id='word_1_50' title='bbox 528 1136 663 1213; x_wconf 86' lang='lat' dir='ltr'><strong>jam</strong></span> <span class='ocrx_word' id='word_1_51' title='bbox 687 1142 911 1206; x_wconf 69' lang='lat' dir='ltr'><strong>testate,</strong></span> <span class='ocrx_word' id='word_1_52' title='bbox 941 1134 1145 1195; x_wconf 87' lang='lat' dir='ltr'><strong>consul</strong></span> <span class='ocrx_word' id='word_1_53' title='bbox 1173 1134 1438 1195; x_wconf 85' lang='lat' dir='ltr'><strong>Romam</strong></span> <span class='ocrx_word' id='word_1_54' title='bbox 1465 1134 1659 1195; x_wconf 85' lang='lat' dir='ltr'><strong>rediit.</strong></span> <span class='ocrx_word' id='word_1_55' title='bbox 2217 1110 2355 1225; x_wconf 38' lang='grc' dir='ltr'><strong>,ξεῖν’</strong></span> <span class='ocrx_word' id='word_1_56' title='bbox 2380 1108 2514 1176; x_wconf 82' lang='lat' dir='ltr'><strong>Epit.</strong></span> 
     </span>
     <span class='ocr_line' id='line_1_8' title="bbox 365 1222 2395 1314; baseline -0.001 -23"><span class='ocrx_word' id='word_1_57' title='bbox 365 1236 470 1291; x_wconf 78' lang='lat'><strong>63.</strong></span> <span class='ocrx_word' id='word_1_58' title='bbox 516 1228 594 1291; x_wconf 90' lang='lat' dir='ltr'><strong>In</strong></span> <span class='ocrx_word' id='word_1_59' title='bbox 619 1231 796 1311; x_wconf 88' lang='lat' dir='ltr'><strong>hujus</strong></span> <span class='ocrx_word' id='word_1_60' title='bbox 834 1222 1068 1312; x_wconf 73' lang='lat' dir='ltr'><strong>quoque</strong></span> <span class='ocrx_word' id='word_1_61' title='bbox 1107 1231 1255 1291; x_wconf 88' lang='lat' dir='ltr'><strong>belli</strong></span> <span class='ocrx_word' id='word_1_62' title='bbox 1291 1231 1622 1292; x_wconf 75' lang='lat' dir='ltr'><strong>narratione</strong></span> <span class='ocrx_word' id='word_1_63' title='bbox 1669 1230 1998 1313; x_wconf 86' lang='lat' dir='ltr'><strong>Polybium</strong></span> <span class='ocrx_word' id='word_1_64' title='bbox 2024 1232 2191 1314; x_wconf 88' lang='lat' dir='ltr'><strong>sequi</strong></span> <span class='ocrx_word' id='word_1_65' title='bbox 2215 1239 2395 1305; x_wconf 74' lang='lat' dir='ltr'><strong>Polyb.</strong></span> 
     </span>
     <span class='ocr_line' id='line_1_9' title="bbox 281 1326 2384 1412; baseline 0.001 -27"><span class='ocrx_word' id='word_1_66' title='bbox 281 1326 496 1399; x_wconf 84' lang='lat' dir='ltr'><strong>malui,</strong></span> <span class='ocrx_word' id='word_1_67' title='bbox 523 1348 641 1388; x_wconf 89' lang='lat' dir='ltr'><strong>non</strong></span> <span class='ocrx_word' id='word_1_68' title='bbox 669 1328 900 1407; x_wconf 84' lang='lat' dir='ltr'><strong>ignarus</strong></span> <span class='ocrx_word' id='word_1_69' title='bbox 919 1328 1080 1411; x_wconf 89' lang='lat' dir='ltr'><strong>apud</strong></span> <span class='ocrx_word' id='word_1_70' title='bbox 1097 1329 1248 1389; x_wconf 87' lang='lat' dir='ltr'><strong>alios</strong></span> <span class='ocrx_word' id='word_1_71' title='bbox 1268 1336 1534 1390; x_wconf 82' lang='lat' dir='ltr'><strong>auctores</strong></span> <span class='ocrx_word' id='word_1_72' title='bbox 1552 1329 1838 1389; x_wconf 85' lang='lat' dir='ltr'><strong>ambobus</strong></span> <span class='ocrx_word' id='word_1_73' title='bbox 1855 1328 2193 1391; x_wconf 85' lang='lat' dir='ltr'><strong>consulibus</strong></span> <span class='ocrx_word' id='word_1_74' title='bbox 2216 1336 2384 1412; x_wconf 57' lang='lat' dir='ltr'><strong>Zosas.</strong></span> 
     </span>
     <span class='ocr_line' id='line_1_10' title="bbox 282 1400 2463 1518; baseline 0.002 -37"><span class='ocrx_word' id='word_1_75' title='bbox 282 1424 416 1502; x_wconf 85' lang='lat' dir='ltr'><strong>ejus</strong></span> <span class='ocrx_word' id='word_1_76' title='bbox 435 1424 684 1505; x_wconf 80' lang='lat' dir='ltr'><strong>perfecti</strong></span> <span class='ocrx_word' id='word_1_77' title='bbox 709 1425 956 1505; x_wconf 84' lang='lat' dir='ltr'><strong>gloriam</strong></span> <span class='ocrx_word' id='word_1_78' title='bbox 995 1427 1379 1487; x_wconf 88' lang='lat' dir='ltr'><strong>communiter</strong></span> <span class='ocrx_word' id='word_1_79' title='bbox 1403 1426 1605 1497; x_wconf 84' lang='lat' dir='ltr'><strong>tribui,</strong></span> <span class='ocrx_word' id='word_1_80' title='bbox 1645 1426 1752 1507; x_wconf 85' lang='lat' dir='ltr'><strong>qui</strong></span> <span class='ocrx_word' id='word_1_81' title='bbox 1776 1436 2085 1488; x_wconf 81' lang='lat' dir='ltr'><strong>evocatum</strong></span> <span class='ocrx_word' id='word_1_82' title='bbox 2111 1425 2191 1486; x_wconf 86' lang='lat' dir='ltr'><strong>ad</strong></span> <span class='ocrx_word' id='word_1_83' title='bbox 2214 1400 2463 1518; x_wconf 42' lang='lat' dir='ltr'><strong>&amp;sigum</strong></span> 
     </span>
     <span class='ocr_line' id='line_1_11' title="bbox 283 1520 2382 1605; baseline 0.001 -25"><span class='ocrx_word' id='word_1_84' title='bbox 283 1540 350 1580; x_wconf 84' lang='lat' dir='ltr'><strong>se</strong></span> <span class='ocrx_word' id='word_1_85' title='bbox 379 1520 778 1593; x_wconf 78' lang='lat' dir='ltr'><strong>Demetrium,</strong></span> <span class='ocrx_word' id='word_1_86' title='bbox 803 1522 946 1603; x_wconf 89' lang='lat' dir='ltr'><strong>quia</strong></span> <span class='ocrx_word' id='word_1_87' title='bbox 969 1542 1084 1583; x_wconf 89' lang='lat' dir='ltr'><strong>non</strong></span> <span class='ocrx_word' id='word_1_88' title='bbox 1110 1524 1382 1605; x_wconf 84' lang='lat' dir='ltr'><strong>parebat,</strong></span> <span class='ocrx_word' id='word_1_89' title='bbox 1408 1524 1661 1603; x_wconf 74' lang='lat' dir='ltr'><strong>aggressi</strong></span> <span class='ocrx_word' id='word_1_90' title='bbox 1692 1522 1943 1604; x_wconf 87' lang='lat' dir='ltr'><strong>primum</strong></span> <span class='ocrx_word' id='word_1_91' title='bbox 1967 1524 2029 1585; x_wconf 90' lang='lat' dir='ltr'><strong>in</strong></span> <span class='ocrx_word' id='word_1_92' title='bbox 2057 1522 2191 1585; x_wconf 85' lang='lat' dir='ltr'><strong>Issa</strong></span> <span class='ocrx_word' id='word_1_93' title='bbox 2212 1532 2382 1582; x_wconf 70' lang='lat' dir='ltr'><strong>zonat.</strong></span> 
     </span>
     <span class='ocr_line' id='line_1_12' title="bbox 281 1617 2189 1702; baseline 0.002 -24"><span class='ocrx_word' id='word_1_94' title='bbox 281 1617 504 1693; x_wconf 84' lang='lat' dir='ltr'><strong>insula,</strong></span> <span class='ocrx_word' id='word_1_95' title='bbox 546 1620 760 1700; x_wconf 86' lang='lat' dir='ltr'><strong>quibus</strong></span> <span class='ocrx_word' id='word_1_96' title='bbox 797 1619 926 1680; x_wconf 84' lang='lat' dir='ltr'><strong>dixi</strong></span> <span class='ocrx_word' id='word_1_97' title='bbox 969 1620 1190 1681; x_wconf 86' lang='lat' dir='ltr'><strong>artibus</strong></span> <span class='ocrx_word' id='word_1_98' title='bbox 1231 1620 1520 1690; x_wconf 80' lang='lat' dir='ltr'><strong>vicerint3</strong></span> <span class='ocrx_word' id='word_1_99' title='bbox 1564 1618 1779 1681; x_wconf 89' lang='lat' dir='ltr'><strong>deinde</strong></span> <span class='ocrx_word' id='word_1_100' title='bbox 1820 1619 2029 1682; x_wconf 84' lang='lat' dir='ltr'><strong>Pharo</strong></span> <span class='ocrx_word' id='word_1_101' title='bbox 2056 1642 2189 1702; x_wconf 86' lang='lat' dir='ltr'><strong>pro-</strong></span> 
     </span>
     <span class='ocr_line' id='line_1_13' title="bbox 286 1714 2429 1799; baseline 0.002 -24"><span class='ocrx_word' id='word_1_102' title='bbox 286 1714 518 1777; x_wconf 81' lang='lat' dir='ltr'><strong>ditione</strong></span> <span class='ocrx_word' id='word_1_103' title='bbox 567 1726 767 1798; x_wconf 86' lang='lat' dir='ltr'><strong>capta,</strong></span> <span class='ocrx_word' id='word_1_104' title='bbox 811 1715 1186 1779; x_wconf 84' lang='lat' dir='ltr'><strong>Demetrium</strong></span> <span class='ocrx_word' id='word_1_105' title='bbox 1239 1716 1595 1799; x_wconf 84' lang='lat' dir='ltr'><strong>expulerint.</strong></span> <span class='ocrx_word' id='word_1_106' title='bbox 1703 1716 1802 1778; x_wconf 86' lang='lat' dir='ltr'><strong>De</strong></span> <span class='ocrx_word' id='word_1_107' title='bbox 1850 1720 2023 1797; x_wconf 82' lang='lat' dir='ltr'><strong>cujus</strong></span> <span class='ocrx_word' id='word_1_108' title='bbox 2070 1717 2191 1778; x_wconf 86' lang='lat' dir='ltr'><strong>fine</strong></span> <span class='ocrx_word' id='word_1_109' title='bbox 2216 1728 2429 1797; x_wconf 77' lang='lat' dir='ltr'><strong>Appim.</strong></span> 
     </span>
     <span class='ocr_line' id='line_1_14' title="bbox 281 1812 2194 1895; baseline 0.002 -23"><span class='ocrx_word' id='word_1_110' title='bbox 281 1832 526 1894; x_wconf 84' lang='lat' dir='ltr'><strong>quoque</strong></span> <span class='ocrx_word' id='word_1_111' title='bbox 551 1812 919 1874; x_wconf 60' lang='lat' dir='ltr'><strong>dis-annea</strong></span> <span class='ocrx_word' id='word_1_112' title='bbox 943 1813 1212 1895; x_wconf 81' lang='lat' dir='ltr'><strong>Polybio</strong></span> <span class='ocrx_word' id='word_1_113' title='bbox 1239 1814 1500 1887; x_wconf 88' lang='lat' dir='ltr'><strong>tradunt,</strong></span> <span class='ocrx_word' id='word_1_114' title='bbox 1533 1814 1660 1875; x_wconf 86' lang='lat' dir='ltr'><strong>istis</strong></span> <span class='ocrx_word' id='word_1_115' title='bbox 1684 1822 1746 1875; x_wconf 88' lang='lat' dir='ltr'><strong>et</strong></span> <span class='ocrx_word' id='word_1_116' title='bbox 1770 1815 1939 1875; x_wconf 88' lang='lat' dir='ltr'><strong>annis</strong></span> <span class='ocrx_word' id='word_1_117' title='bbox 1960 1822 2023 1875; x_wconf 84' lang='lat' dir='ltr'><strong>et</strong></span> <span class='ocrx_word' id='word_1_118' title='bbox 2046 1815 2194 1875; x_wconf 89' lang='lat' dir='ltr'><strong>locis</strong></span> 
     </span>
     <span class='ocr_line' id='line_1_15' title="bbox 289 1910 2190 1993; baseline 0.002 -24"><span class='ocrx_word' id='word_1_119' title='bbox 289 1910 589 1990; x_wconf 86' lang='lat' dir='ltr'><strong>proximo,</strong></span> <span class='ocrx_word' id='word_1_120' title='bbox 615 1929 750 1991; x_wconf 83' lang='lat' dir='ltr'><strong>quae</strong></span> <span class='ocrx_word' id='word_1_121' title='bbox 777 1910 939 1971; x_wconf 86' lang='lat' dir='ltr'><strong>aliud</strong></span> <span class='ocrx_word' id='word_1_122' title='bbox 965 1911 1026 1971; x_wconf 89' lang='lat' dir='ltr'><strong>in</strong></span> <span class='ocrx_word' id='word_1_123' title='bbox 1053 1918 1285 1993; x_wconf 87' lang='lat' dir='ltr'><strong>tempus</strong></span> <span class='ocrx_word' id='word_1_124' title='bbox 1309 1931 1542 1991; x_wconf 78' lang='lat' dir='ltr'><strong>egressa</strong></span> <span class='ocrx_word' id='word_1_125' title='bbox 1580 1914 1983 1993; x_wconf 60' lang='lat' dir='ltr'><strong>praetermitto.</strong></span> <span class='ocrx_word' id='word_1_126' title='bbox 2068 1910 2190 1972; x_wconf 84' lang='lat' dir='ltr'><strong>Oe-</strong></span> 
     </span>
     <span class='ocr_line' id='line_1_16' title="bbox 281 2006 2191 2090; baseline 0.002 -24"><span class='ocrx_word' id='word_1_127' title='bbox 281 2014 479 2066; x_wconf 78' lang='lat' dir='ltr'><strong>terum</strong></span> <span class='ocrx_word' id='word_1_128' title='bbox 507 2006 740 2087; x_wconf 81' lang='lat' dir='ltr'><strong>Illyriis</strong></span> <span class='ocrx_word' id='word_1_129' title='bbox 761 2008 824 2067; x_wconf 91' lang='lat' dir='ltr'><strong>in</strong></span> <span class='ocrx_word' id='word_1_130' title='bbox 866 2009 1018 2087; x_wconf 77' lang='lat' dir='ltr'><strong>regis</strong></span> <span class='ocrx_word' id='word_1_131' title='bbox 1044 2008 1270 2069; x_wconf 88' lang='lat' dir='ltr'><strong>Pinnei</strong></span> <span class='ocrx_word' id='word_1_132' title='bbox 1312 2008 1581 2087; x_wconf 82' lang='lat' dir='ltr'><strong>gratiam,</strong></span> <span class='ocrx_word' id='word_1_133' title='bbox 1609 2028 1790 2090; x_wconf 91' lang='lat' dir='ltr'><strong>quem</strong></span> <span class='ocrx_word' id='word_1_134' title='bbox 1824 2008 2191 2069; x_wconf 75' lang='lat' dir='ltr'><strong>innocentem</strong></span> 
     </span>
     <span class='ocr_line' id='line_1_17' title="bbox 284 2102 2189 2187; baseline 0.001 -24"><span class='ocrx_word' id='word_1_135' title='bbox 284 2110 464 2163; x_wconf 77' lang='lat' dir='ltr'><strong>aetate</strong></span> <span class='ocrx_word' id='word_1_136' title='bbox 491 2112 558 2163; x_wconf 88' lang='lat' dir='ltr'><strong>et</strong></span> <span class='ocrx_word' id='word_1_137' title='bbox 579 2105 880 2185; x_wconf 85' lang='lat' dir='ltr'><strong>proposito</strong></span> <span class='ocrx_word' id='word_1_138' title='bbox 917 2102 1094 2165; x_wconf 84' lang='lat' dir='ltr'><strong>fuisse</strong></span> <span class='ocrx_word' id='word_1_139' title='bbox 1133 2105 1469 2176; x_wconf 74' lang='lat' dir='ltr'><strong>constabat,</strong></span> <span class='ocrx_word' id='word_1_140' title='bbox 1501 2106 1759 2187; x_wconf 88' lang='lat' dir='ltr'><strong>pepercit</strong></span> <span class='ocrx_word' id='word_1_141' title='bbox 1796 2115 2055 2177; x_wconf 88' lang='lat' dir='ltr'><strong>senatus,</strong></span> <span class='ocrx_word' id='word_1_142' title='bbox 2083 2105 2189 2166; x_wconf 86' lang='lat' dir='ltr'><strong>foe-</strong></span> 
     </span>
     <span class='ocr_line' id='line_1_18' title="bbox 281 2198 2187 2283; baseline 0.001 -24"><span class='ocrx_word' id='word_1_143' title='bbox 281 2198 514 2281; x_wconf 87' lang='lat' dir='ltr'><strong>dusque</strong></span> <span class='ocrx_word' id='word_1_144' title='bbox 543 2221 680 2261; x_wconf 88' lang='lat' dir='ltr'><strong>cum</strong></span> <span class='ocrx_word' id='word_1_145' title='bbox 703 2222 802 2273; x_wconf 90' lang='lat' dir='ltr'><strong>eo,</strong></span> <span class='ocrx_word' id='word_1_146' title='bbox 835 2200 1080 2282; x_wconf 80' lang='lat' dir='ltr'><strong>adjectis</strong></span> <span class='ocrx_word' id='word_1_147' title='bbox 1103 2210 1302 2262; x_wconf 86' lang='lat' dir='ltr'><strong>tamen</strong></span> <span class='ocrx_word' id='word_1_148' title='bbox 1339 2201 1777 2264; x_wconf 87' lang='lat' dir='ltr'><strong>conditionibus</strong></span> <span class='ocrx_word' id='word_1_149' title='bbox 1809 2201 2187 2283; x_wconf 88' lang='lat' dir='ltr'><strong>quibusdam,</strong></span> 
     </span>
     <span class='ocr_line' id='line_1_19' title="bbox 282 2297 2519 2380; baseline 0.004 -23"><span class='ocrx_word' id='word_1_150' title='bbox 282 2297 616 2359; x_wconf 79' lang='lat' dir='ltr'><strong>renovavit.</strong></span> <span class='ocrx_word' id='word_1_151' title='bbox 699 2297 938 2358; x_wconf 84' lang='lat' dir='ltr'><strong>Interea</strong></span> <span class='ocrx_word' id='word_1_152' title='bbox 983 2298 1052 2359; x_wconf 90' lang='lat' dir='ltr'><strong>L.</strong></span> <span class='ocrx_word' id='word_1_153' title='bbox 1081 2298 1358 2359; x_wconf 82' lang='lat' dir='ltr'><strong>AEmilius</strong></span> <span class='ocrx_word' id='word_1_154' title='bbox 1397 2297 1602 2359; x_wconf 88' lang='lat' dir='ltr'><strong>consul</strong></span> <span class='ocrx_word' id='word_1_155' title='bbox 1653 2298 2185 2380; x_wconf 87' lang='lat' dir='ltr'><strong>splendidissimum</strong></span> <span class='ocrx_word' id='word_1_156' title='bbox 2243 2297 2419 2365; x_wconf 75' lang='lat' dir='ltr'><strong>Polyb.</strong></span> <span class='ocrx_word' id='word_1_157' title='bbox 2440 2316 2519 2349; x_wconf 64' lang='lat'><strong>¹*-</strong></span> 
     </span>
     <span class='ocr_line' id='line_1_20' title="bbox 287 2368 2481 2479; baseline 0 -24"><span class='ocrx_word' id='word_1_158' title='bbox 287 2394 366 2455; x_wconf 86' lang='lat' dir='ltr'><strong>de</strong></span> <span class='ocrx_word' id='word_1_159' title='bbox 391 2394 490 2454; x_wconf 88' lang='lat' dir='ltr'><strong>bis</strong></span> <span class='ocrx_word' id='word_1_160' title='bbox 513 2394 750 2476; x_wconf 86' lang='lat' dir='ltr'><strong>populis</strong></span> <span class='ocrx_word' id='word_1_161' title='bbox 773 2394 1130 2477; x_wconf 85' lang='lat' dir='ltr'><strong>triumphum</strong></span> <span class='ocrx_word' id='word_1_162' title='bbox 1155 2395 1362 2455; x_wconf 87' lang='lat' dir='ltr'><strong>duxit:</strong></span> <span class='ocrx_word' id='word_1_163' title='bbox 1406 2394 1510 2456; x_wconf 87' lang='lat' dir='ltr'><strong>sed</strong></span> <span class='ocrx_word' id='word_1_164' title='bbox 1537 2404 1600 2455; x_wconf 84' lang='lat' dir='ltr'><strong>et</strong></span> <span class='ocrx_word' id='word_1_165' title='bbox 1627 2395 1723 2455; x_wconf 87' lang='lat' dir='ltr'><strong>M.</strong></span> <span class='ocrx_word' id='word_1_166' title='bbox 1752 2394 1987 2457; x_wconf 81' lang='lat' dir='ltr'><strong>Livium</strong></span> <span class='ocrx_word' id='word_1_167' title='bbox 2011 2416 2088 2455; x_wconf 89' lang='lat' dir='ltr'><strong>ex</strong></span> <span class='ocrx_word' id='word_1_168' title='bbox 2114 2416 2187 2456; x_wconf 91' lang='lat' dir='ltr'><strong>eo</strong></span> <span class='ocrx_word' id='word_1_169' title='bbox 2210 2368 2393 2479; x_wconf 38' lang='grc' dir='ltr'><strong>διὲκ..</strong></span> <span class='ocrx_word' id='word_1_170' title='bbox 2419 2430 2481 2479; x_wconf 77' lang='lat' dir='ltr'><strong>de</strong></span> 
     </span>
     <span class='ocr_line' id='line_1_21' title="bbox 281 2490 2492 2574; baseline 0.002 -24"><span class='ocrx_word' id='word_1_171' title='bbox 281 2490 450 2552; x_wconf 89' lang='lat' dir='ltr'><strong>bello</strong></span> <span class='ocrx_word' id='word_1_172' title='bbox 474 2492 863 2573; x_wconf 84' lang='lat' dir='ltr'><strong>triumphasse</strong></span> <span class='ocrx_word' id='word_1_173' title='bbox 897 2491 1124 2574; x_wconf 88' lang='lat' dir='ltr'><strong>reperio</strong></span> <span class='ocrx_word' id='word_1_174' title='bbox 1148 2512 1162 2551; x_wconf 92' lang='lat'><strong>:</strong></span> <span class='ocrx_word' id='word_1_175' title='bbox 1207 2491 1404 2573; x_wconf 86' lang='lat' dir='ltr'><strong>plures</strong></span> <span class='ocrx_word' id='word_1_176' title='bbox 1439 2500 1636 2551; x_wconf 89' lang='lat' dir='ltr'><strong>tamen</strong></span> <span class='ocrx_word' id='word_1_177' title='bbox 1678 2492 1988 2574; x_wconf 78' lang='lat' dir='ltr'><strong>scriptores</strong></span> <span class='ocrx_word' id='word_1_178' title='bbox 2028 2494 2187 2554; x_wconf 87' lang='lat' dir='ltr'><strong>hunc</strong></span> <span class='ocrx_word' id='word_1_179' title='bbox 2212 2494 2294 2545; x_wconf 80' lang='lat' dir='ltr'><strong>vir.</strong></span> <span class='ocrx_word' id='word_1_180' title='bbox 2312 2496 2492 2571; x_wconf 57' lang='lat' dir='ltr'><strong>illustr.</strong></span> 
     </span>
     <span class='ocr_line' id='line_1_22' title="bbox 281 2558 2447 2677; baseline 0.001 -28"><span class='ocrx_word' id='word_1_181' title='bbox 281 2596 673 2670; x_wconf 66' lang='lat' dir='ltr'><strong>praetereunt:</strong></span> <span class='ocrx_word' id='word_1_182' title='bbox 715 2588 893 2650; x_wconf 83' lang='lat' dir='ltr'><strong>credo</strong></span> <span class='ocrx_word' id='word_1_183' title='bbox 935 2588 1096 2672; x_wconf 88' lang='lat' dir='ltr'><strong>quod</strong></span> <span class='ocrx_word' id='word_1_184' title='bbox 1145 2590 1398 2670; x_wconf 83' lang='lat' dir='ltr'><strong>majores</strong></span> <span class='ocrx_word' id='word_1_185' title='bbox 1443 2590 1514 2651; x_wconf 93' lang='lat' dir='ltr'><strong>L.</strong></span> <span class='ocrx_word' id='word_1_186' title='bbox 1559 2588 1773 2652; x_wconf 85' lang='lat' dir='ltr'><strong>Paulli</strong></span> <span class='ocrx_word' id='word_1_187' title='bbox 1798 2610 1890 2652; x_wconf 89' lang='lat' dir='ltr'><strong>res</strong></span> <span class='ocrx_word' id='word_1_188' title='bbox 1928 2590 2185 2664; x_wconf 84' lang='lat' dir='ltr'><strong>fuerunt,</strong></span> <span class='ocrx_word' id='word_1_189' title='bbox 2212 2558 2447 2677; x_wconf 51' lang='grc' dir='ltr'><strong>,ζῖζωῖ</strong></span> 
     </span>
     <span class='ocr_line' id='line_1_23' title="bbox 282 2685 2184 2769; baseline 0.002 -23"><span class='ocrx_word' id='word_1_190' title='bbox 282 2687 503 2766; x_wconf 88' lang='lat' dir='ltr'><strong>quibus</strong></span> <span class='ocrx_word' id='word_1_191' title='bbox 557 2686 806 2766; x_wconf 69' lang='lat' dir='ltr'><strong>collegae</strong></span> <span class='ocrx_word' id='word_1_192' title='bbox 857 2685 1078 2747; x_wconf 85' lang='lat' dir='ltr'><strong>famam</strong></span> <span class='ocrx_word' id='word_1_193' title='bbox 1131 2687 1493 2768; x_wconf 80' lang='lat' dir='ltr'><strong>gloriamque</strong></span> <span class='ocrx_word' id='word_1_194' title='bbox 1545 2689 1802 2769; x_wconf 89' lang='lat' dir='ltr'><strong>potuerit</strong></span> <span class='ocrx_word' id='word_1_195' title='bbox 1852 2687 2184 2750; x_wconf 85' lang='lat' dir='ltr'><strong>obscurare.</strong></span> 
     </span>
     <span class='ocr_line' id='line_1_24' title="bbox 283 2783 2187 2868; baseline 0.001 -23"><span class='ocrx_word' id='word_1_196' title='bbox 283 2783 406 2845; x_wconf 90' lang='lat' dir='ltr'><strong>Sed</strong></span> <span class='ocrx_word' id='word_1_197' title='bbox 453 2783 714 2846; x_wconf 78' lang='lat' dir='ltr'><strong>nobilius</strong></span> <span class='ocrx_word' id='word_1_198' title='bbox 750 2783 1016 2864; x_wconf 86' lang='lat' dir='ltr'><strong>ejusdem</strong></span> <span class='ocrx_word' id='word_1_199' title='bbox 1059 2784 1153 2845; x_wconf 87' lang='grc' dir='ltr'><strong>Μ.</strong></span> <span class='ocrx_word' id='word_1_200' title='bbox 1198 2784 1354 2846; x_wconf 86' lang='lat' dir='ltr'><strong>Livii</strong></span> <span class='ocrx_word' id='word_1_201' title='bbox 1399 2785 1581 2866; x_wconf 87' lang='lat' dir='ltr'><strong>paulo</strong></span> <span class='ocrx_word' id='word_1_202' title='bbox 1621 2794 1756 2868; x_wconf 87' lang='lat' dir='ltr'><strong>post</strong></span> <span class='ocrx_word' id='word_1_203' title='bbox 1788 2785 2086 2864; x_wconf 87' lang='lat' dir='ltr'><strong>judicium</strong></span> <span class='ocrx_word' id='word_1_204' title='bbox 2125 2795 2187 2846; x_wconf 87' lang='lat' dir='ltr'><strong>et</strong></span> 
     </span>
     <span class='ocr_line' id='line_1_25' title="bbox 280 2881 2517 2964; baseline 0 -22"><span class='ocrx_word' id='word_1_205' title='bbox 280 2881 699 2943; x_wconf 84' lang='lat' dir='ltr'><strong>condemnatio</strong></span> <span class='ocrx_word' id='word_1_206' title='bbox 722 2881 856 2942; x_wconf 80' lang='lat' dir='ltr'><strong>fuit.</strong></span> <span class='ocrx_word' id='word_1_207' title='bbox 936 2881 1066 2943; x_wconf 89' lang='lat' dir='ltr'><strong>Per</strong></span> <span class='ocrx_word' id='word_1_208' title='bbox 1103 2882 1385 2944; x_wconf 85' lang='lat' dir='ltr'><strong>invidiam</strong></span> <span class='ocrx_word' id='word_1_209' title='bbox 1410 2882 1534 2964; x_wconf 85' lang='lat' dir='ltr'><strong>ipse</strong></span> <span class='ocrx_word' id='word_1_210' title='bbox 1561 2902 1632 2942; x_wconf 81' lang='lat' dir='ltr'><strong>ac</strong></span> <span class='ocrx_word' id='word_1_211' title='bbox 1675 2883 1747 2943; x_wconf 92' lang='lat' dir='ltr'><strong>L.</strong></span> <span class='ocrx_word' id='word_1_212' title='bbox 1794 2881 2057 2943; x_wconf 88' lang='lat' dir='ltr'><strong>Paullus</strong></span> <span class='ocrx_word' id='word_1_213' title='bbox 2082 2901 2182 2944; x_wconf 87' lang='lat' dir='ltr'><strong>ac-</strong></span> <span class='ocrx_word' id='word_1_214' title='bbox 2210 2887 2517 2942; x_wconf 63' lang='lat' dir='ltr'><strong>antstnt.</strong></span> 
     </span>
     <span class='ocr_line' id='line_1_26' title="bbox 283 2959 2480 3070; baseline 0.001 -31"><span class='ocrx_word' id='word_1_215' title='bbox 283 2978 520 3052; x_wconf 66' lang='lat' dir='ltr'><strong>cusati,⁴</strong></span> <span class='ocrx_word' id='word_1_216' title='bbox 561 2978 726 3060; x_wconf 88' lang='lat' dir='ltr'><strong>quod</strong></span> <span class='ocrx_word' id='word_1_217' title='bbox 768 2977 1026 3060; x_wconf 72' lang='lat' dir='ltr'><strong>proedam</strong></span> <span class='ocrx_word' id='word_1_218' title='bbox 1076 2979 1364 3040; x_wconf 87' lang='lat' dir='ltr'><strong>militibus</strong></span> <span class='ocrx_word' id='word_1_219' title='bbox 1419 2999 1536 3039; x_wconf 89' lang='lat' dir='ltr'><strong>non</strong></span> <span class='ocrx_word' id='word_1_220' title='bbox 1589 2980 1899 3062; x_wconf 80' lang='lat' dir='ltr'><strong>aequaliter</strong></span> <span class='ocrx_word' id='word_1_221' title='bbox 1952 2979 2185 3040; x_wconf 83' lang='lat' dir='ltr'><strong>divisis-</strong></span> <span class='ocrx_word' id='word_1_222' title='bbox 2210 2959 2395 3070; x_wconf 45' lang='lat'><strong>¹2³&amp;-</strong></span> <span class='ocrx_word' id='word_1_223' title='bbox 2416 3021 2480 3070; x_wconf 77' lang='lat' dir='ltr'><strong>do</strong></span> 
     </span>
     <span class='ocr_line' id='line_1_27' title="bbox 279 3073 2513 3158; baseline 0 -22"><span class='ocrx_word' id='word_1_224' title='bbox 279 3085 434 3149; x_wconf 84' lang='lat' dir='ltr'><strong>sent,</strong></span> <span class='ocrx_word' id='word_1_225' title='bbox 461 3073 742 3156; x_wconf 85' lang='lat' dir='ltr'><strong>quodque</strong></span> <span class='ocrx_word' id='word_1_226' title='bbox 767 3095 845 3136; x_wconf 91' lang='lat' dir='ltr'><strong>ex</strong></span> <span class='ocrx_word' id='word_1_227' title='bbox 885 3096 960 3136; x_wconf 91' lang='lat' dir='ltr'><strong>ea</strong></span> <span class='ocrx_word' id='word_1_228' title='bbox 999 3076 1190 3138; x_wconf 85' lang='lat' dir='ltr'><strong>multa</strong></span> <span class='ocrx_word' id='word_1_229' title='bbox 1240 3078 1602 3148; x_wconf 85' lang='lat' dir='ltr'><strong>avertissent,</strong></span> <span class='ocrx_word' id='word_1_230' title='bbox 1635 3077 1935 3156; x_wconf 88' lang='lat' dir='ltr'><strong>judicium</strong></span> <span class='ocrx_word' id='word_1_231' title='bbox 1976 3077 2185 3158; x_wconf 90' lang='lat' dir='ltr'><strong>populi</strong></span> <span class='ocrx_word' id='word_1_232' title='bbox 2209 3085 2296 3134; x_wconf 82' lang='lat' dir='ltr'><strong>vir.</strong></span> <span class='ocrx_word' id='word_1_233' title='bbox 2330 3085 2513 3136; x_wconf 70' lang='lat' dir='ltr'><strong>Iun-tr.</strong></span> 
     </span>
     <span class='ocr_line' id='line_1_28' title="bbox 279 3150 2513 3266; baseline 0 -34"><span class='ocrx_word' id='word_1_234' title='bbox 279 3173 648 3233; x_wconf 82' lang='lat' dir='ltr'><strong>subivernnt.</strong></span> <span class='ocrx_word' id='word_1_235' title='bbox 723 3172 800 3234; x_wconf 90' lang='lat' dir='ltr'><strong>L.</strong></span> <span class='ocrx_word' id='word_1_236' title='bbox 828 3171 1086 3234; x_wconf 88' lang='lat' dir='ltr'><strong>Paullus</strong></span> <span class='ocrx_word' id='word_1_237' title='bbox 1111 3173 1410 3234; x_wconf 86' lang='lat' dir='ltr'><strong>ambustus</strong></span> <span class='ocrx_word' id='word_1_238' title='bbox 1431 3175 1536 3234; x_wconf 81' lang='lat' dir='ltr'><strong>vix</strong></span> <span class='ocrx_word' id='word_1_239' title='bbox 1563 3175 1789 3234; x_wconf 79' lang='lat' dir='ltr'><strong>evasit:</strong></span> <span class='ocrx_word' id='word_1_240' title='bbox 1830 3173 1927 3235; x_wconf 89' lang='grc' dir='ltr'><strong>Μ.</strong></span> <span class='ocrx_word' id='word_1_241' title='bbox 1950 3171 2184 3236; x_wconf 79' lang='lat' dir='ltr'><strong>Livium</strong></span> <span class='ocrx_word' id='word_1_242' title='bbox 2209 3150 2353 3266; x_wconf 50' lang='grc' dir='ltr'><strong>,ἕν’</strong></span> <span class='ocrx_word' id='word_1_243' title='bbox 2370 3165 2513 3204; x_wconf 80' lang='lat'>¹¹¹¹·</span> 
     </span>
     <span class='ocr_line' id='line_1_29' title="bbox 283 3269 2512 3352; baseline 0.001 -22"><span class='ocrx_word' id='word_1_244' title='bbox 283 3289 487 3330; x_wconf 87' lang='lat' dir='ltr'><strong>omnes</strong></span> <span class='ocrx_word' id='word_1_245' title='bbox 520 3269 712 3331; x_wconf 84' lang='lat' dir='ltr'><strong>tribus</strong></span> <span class='ocrx_word' id='word_1_246' title='bbox 733 3278 988 3351; x_wconf 89' lang='lat' dir='ltr'><strong>excepta</strong></span> <span class='ocrx_word' id='word_1_247' title='bbox 1029 3270 1253 3331; x_wconf 78' lang='lat' dir='ltr'><strong>Maecia</strong></span> <span class='ocrx_word' id='word_1_248' title='bbox 1292 3270 1743 3332; x_wconf 82' lang='lat' dir='ltr'><strong>damnaverunt.</strong></span> <span class='ocrx_word' id='word_1_249' title='bbox 1830 3269 2012 3352; x_wconf 89' lang='lat' dir='ltr'><strong>Isque</strong></span> <span class='ocrx_word' id='word_1_250' title='bbox 2043 3291 2184 3332; x_wconf 89' lang='lat' dir='ltr'><strong>con-</strong></span> <span class='ocrx_word' id='word_1_251' title='bbox 2230 3280 2512 3332; x_wconf 61' lang='lat' dir='ltr'><strong>Linum.</strong></span> 
     </span>
     <span class='ocr_line' id='line_1_30' title="bbox 279 3349 2514 3463; baseline 0 -35"><span class='ocrx_word' id='word_1_252' title='bbox 279 3366 588 3429; x_wconf 69' lang='lat' dir='ltr'><strong>tumeliam</strong></span> <span class='ocrx_word' id='word_1_253' title='bbox 611 3367 788 3436; x_wconf 71' lang='lat' dir='ltr'><strong>istam</strong></span> <span class='ocrx_word' id='word_1_254' title='bbox 810 3375 942 3428; x_wconf 66' lang='lat' dir='ltr'><strong>tam</strong></span> <span class='ocrx_word' id='word_1_255' title='bbox 971 3365 1210 3447; x_wconf 74' lang='lat' dir='ltr'><strong>indigne</strong></span> <span class='ocrx_word' id='word_1_256' title='bbox 1245 3368 1408 3440; x_wconf 80' lang='lat' dir='ltr'><strong>tulit,</strong></span> <span class='ocrx_word' id='word_1_257' title='bbox 1436 3376 1523 3440; x_wconf 88' lang='lat' dir='ltr'><strong>ut,</strong></span> <span class='ocrx_word' id='word_1_258' title='bbox 1564 3369 1711 3429; x_wconf 75' lang='lat' dir='ltr'><strong>urbe</strong></span> <span class='ocrx_word' id='word_1_259' title='bbox 1745 3368 1975 3442; x_wconf 76' lang='lat' dir='ltr'><strong>relicta,</strong></span> <span class='ocrx_word' id='word_1_260' title='bbox 2001 3376 2186 3430; x_wconf 80' lang='lat' dir='ltr'><strong>ooetus</strong></span> <span class='ocrx_word' id='word_1_261' title='bbox 2207 3349 2314 3463; x_wconf 40' lang='lat' dir='ltr'><strong>gg</strong></span> <span class='ocrx_word' id='word_1_262' title='bbox 2336 3425 2514 3460; x_wconf 47' lang='lat' dir='ltr'><strong>nm·</strong></span> 
     </span>
     <span class='ocr_line' id='line_1_31' title="bbox 285 3463 2294 3547; baseline 0.002 -24"><span class='ocrx_word' id='word_1_263' title='bbox 285 3483 488 3524; x_wconf 88' lang='lat' dir='ltr'><strong>omnes</strong></span> <span class='ocrx_word' id='word_1_264' title='bbox 511 3463 761 3544; x_wconf 79' lang='lat' dir='ltr'><strong>fugeret,</strong></span> <span class='ocrx_word' id='word_1_265' title='bbox 803 3463 993 3524; x_wconf 88' lang='lat' dir='ltr'><strong>donec</strong></span> <span class='ocrx_word' id='word_1_266' title='bbox 1019 3484 1154 3524; x_wconf 88' lang='lat' dir='ltr'><strong>eum</strong></span> <span class='ocrx_word' id='word_1_267' title='bbox 1183 3463 1262 3525; x_wconf 90' lang='lat' dir='ltr'><strong>ad</strong></span> <span class='ocrx_word' id='word_1_268' title='bbox 1301 3465 1567 3525; x_wconf 89' lang='lat' dir='ltr'><strong>instituta</strong></span> <span class='ocrx_word' id='word_1_269' title='bbox 1601 3465 1744 3527; x_wconf 82' lang='lat' dir='ltr'><strong>vitae</strong></span> <span class='ocrx_word' id='word_1_270' title='bbox 1777 3465 1985 3547; x_wconf 85' lang='lat' dir='ltr'><strong>prioris</strong></span> <span class='ocrx_word' id='word_1_271' title='bbox 2022 3485 2183 3527; x_wconf 87' lang='lat' dir='ltr'><strong>resu·</strong></span> <span class='ocrx_word' id='word_1_272' title='bbox 2208 3479 2294 3528; x_wconf 73' lang='lat' dir='ltr'><strong>u.</strong></span> 
     </span>
     <span class='ocr_line' id='line_1_32' title="bbox 292 3559 1497 3643; baseline 0 -21"><span class='ocrx_word' id='word_1_273' title='bbox 292 3559 508 3622; x_wconf 84' lang='lat' dir='ltr'><strong>menda</strong></span> <span class='ocrx_word' id='word_1_274' title='bbox 525 3560 868 3643; x_wconf 81' lang='lat' dir='ltr'><strong>reipublicae</strong></span> <span class='ocrx_word' id='word_1_275' title='bbox 893 3569 1158 3642; x_wconf 88' lang='lat' dir='ltr'><strong>tempora</strong></span> <span class='ocrx_word' id='word_1_276' title='bbox 1182 3570 1497 3622; x_wconf 77' lang='lat' dir='ltr'><strong>retraxere.</strong></span> 
     </span>
     <span class='ocr_line' id='line_1_33' title="bbox 358 3657 2184 3742; baseline 0 -22"><span class='ocrx_word' id='word_1_277' title='bbox 358 3665 463 3720; x_wconf 81' lang='lat'><strong>64.</strong></span> <span class='ocrx_word' id='word_1_278' title='bbox 507 3657 628 3719; x_wconf 88' lang='lat' dir='ltr'><strong>Sed</strong></span> <span class='ocrx_word' id='word_1_279' title='bbox 669 3658 799 3719; x_wconf 81' lang='lat' dir='ltr'><strong>haec</strong></span> <span class='ocrx_word' id='word_1_280' title='bbox 825 3658 886 3718; x_wconf 88' lang='lat' dir='ltr'><strong>in</strong></span> <span class='ocrx_word' id='word_1_281' title='bbox 928 3657 1011 3718; x_wconf 94' lang='lat' dir='ltr'><strong>P.</strong></span> <span class='ocrx_word' id='word_1_282' title='bbox 1040 3657 1305 3720; x_wconf 86' lang='lat' dir='ltr'><strong>Cornelii</strong></span> <span class='ocrx_word' id='word_1_283' title='bbox 1349 3657 1667 3740; x_wconf 86' lang='lat' dir='ltr'><strong>Scipionis,</strong></span> <span class='ocrx_word' id='word_1_284' title='bbox 1710 3657 1807 3721; x_wconf 90' lang='lat' dir='ltr'><strong>Ti.</strong></span> <span class='ocrx_word' id='word_1_285' title='bbox 1852 3657 2184 3742; x_wconf 86' lang='lat' dir='ltr'><strong>Sempronii</strong></span> 
     </span>
     <span class='ocr_line' id='line_1_34' title="bbox 287 3754 2509 3838; baseline 0.001 -22"><span class='ocrx_word' id='word_1_286' title='bbox 287 3755 470 3835; x_wconf 79' lang='lat' dir='ltr'><strong>Longi</strong></span> <span class='ocrx_word' id='word_1_287' title='bbox 497 3754 868 3816; x_wconf 86' lang='lat' dir='ltr'><strong>consulatum</strong></span> <span class='ocrx_word' id='word_1_288' title='bbox 901 3755 1254 3817; x_wconf 86' lang='lat' dir='ltr'><strong>inciderunt.</strong></span> <span class='ocrx_word' id='word_1_289' title='bbox 1337 3755 1525 3816; x_wconf 87' lang='lat' dir='ltr'><strong>Anno</strong></span> <span class='ocrx_word' id='word_1_290' title='bbox 1560 3764 1781 3828; x_wconf 80' lang='lat' dir='ltr'><strong>autem,</strong></span> <span class='ocrx_word' id='word_1_291' title='bbox 1809 3777 1930 3838; x_wconf 89' lang='lat' dir='ltr'><strong>quo</strong></span> <span class='ocrx_word' id='word_1_292' title='bbox 1958 3756 2052 3818; x_wconf 96' lang='lat' dir='ltr'><strong>M.</strong></span> <span class='ocrx_word' id='word_1_293' title='bbox 2082 3755 2181 3816; x_wconf 93' lang='lat' dir='ltr'><strong>Li-</strong></span> <span class='ocrx_word' id='word_1_294' title='bbox 2204 3765 2509 3819; x_wconf 65' lang='lat' dir='ltr'><strong>Plinaxxx.</strong></span> 
     </span>
    </p>
   </div>
   <div class='ocr_carea' id='block_1_3' title="bbox 282 3837 2255 3937">
    <p class='ocr_par' dir='ltr' id='par_1_3' title="bbox 282 3837 2255 3937">
     <span class='ocr_line' id='line_1_35' title="bbox 282 3837 2255 3937; baseline 0.002 -25"><span class='ocrx_word' id='word_1_295' title='bbox 282 3853 411 3912; x_wconf 79' lang='lat' dir='ltr'><strong>vius</strong></span> <span class='ocrx_word' id='word_1_296' title='bbox 433 3861 498 3914; x_wconf 87' lang='lat' dir='ltr'><strong>et</strong></span> <span class='ocrx_word' id='word_1_297' title='bbox 527 3853 597 3913; x_wconf 92' lang='lat' dir='ltr'><strong>L.</strong></span> <span class='ocrx_word' id='word_1_298' title='bbox 626 3849 886 3913; x_wconf 88' lang='lat' dir='ltr'><strong>Paullus</strong></span> <span class='ocrx_word' id='word_1_299' title='bbox 900 3851 1095 3914; x_wconf 82' lang='lat' dir='ltr'><strong>adhuc</strong></span> <span class='ocrx_word' id='word_1_300' title='bbox 1111 3851 1379 3914; x_wconf 86' lang='lat' dir='ltr'><strong>consules</strong></span> <span class='ocrx_word' id='word_1_301' title='bbox 1403 3861 1590 3926; x_wconf 82' lang='lat' dir='ltr'><strong>erant,</strong></span> <span class='ocrx_word' id='word_1_302' title='bbox 1603 3851 2026 3935; x_wconf 81' lang='lat' dir='ltr'><strong>Archagathus</strong></span> <span class='ocrx_word' id='word_1_303' title='bbox 2049 3855 2179 3937; x_wconf 89' lang='lat' dir='ltr'><strong>qui·</strong></span> <span class='ocrx_word' id='word_1_304' title='bbox 2208 3837 2255 3883; x_wconf 65' lang='grc' dir='ltr'><strong>ι·</strong></span> 
     </span>
    </p>
   </div>
   <div class='ocr_carea' id='block_1_4' title="bbox 281 4069 2187 4466">
    <p class='ocr_par' dir='ltr' id='par_1_4' title="bbox 281 4069 2187 4466">
     <span class='ocr_line' id='line_1_36' title="bbox 341 4069 2185 4136; baseline 0.002 -17"><span class='ocrx_word' id='word_1_305' title='bbox 341 4079 362 4105; x_wconf 61' lang='lat' dir='ltr'><strong>t</strong></span> <span class='ocrx_word' id='word_1_306' title='bbox 393 4071 506 4135; x_wconf 66' lang='lat' dir='ltr'><strong>Ipse</strong></span> <span class='ocrx_word' id='word_1_307' title='bbox 531 4085 592 4120; x_wconf 74' lang='lat' dir='ltr'><strong>sc</strong></span> <span class='ocrx_word' id='word_1_308' title='bbox 622 4069 688 4120; x_wconf 76' lang='lat' dir='ltr'><strong>L.</strong></span> <span class='ocrx_word' id='word_1_309' title='bbox 719 4069 920 4120; x_wconf 65' lang='lat' dir='ltr'><strong>Panae-n</strong></span> <span class='ocrx_word' id='word_1_310' title='bbox 951 4069 1189 4134; x_wconf 67' lang='lat' dir='ltr'><strong>mmai]</strong></span> <span class='ocrx_word' id='word_1_311' title='bbox 1269 4074 1439 4120; x_wconf 83' lang='lat' dir='ltr'><strong>torem</strong></span> <span class='ocrx_word' id='word_1_312' title='bbox 1475 4070 1851 4136; x_wconf 65' lang='lat' dir='ltr'><strong>gravissimum,</strong></span> <span class='ocrx_word' id='word_1_313' title='bbox 1890 4071 1978 4123; x_wconf 83' lang='lat' dir='ltr'><strong>hic</strong></span> <span class='ocrx_word' id='word_1_314' title='bbox 2014 4072 2185 4124; x_wconf 83' lang='lat' dir='ltr'><strong>minus</strong></span> 
     </span>
     <span class='ocr_line' id='line_1_37' title="bbox 283 4135 2185 4203; baseline 0.002 -17"><span class='ocrx_word' id='word_1_315' title='bbox 283 4137 358 4187; x_wconf 80' lang='lat' dir='ltr'><strong>Ex</strong></span> <span class='ocrx_word' id='word_1_316' title='bbox 377 4137 476 4186; x_wconf 79' lang='lat' dir='ltr'><strong>hac</strong></span> <span class='ocrx_word' id='word_1_317' title='bbox 496 4136 752 4186; x_wconf 77' lang='lat' dir='ltr'><strong>societate</strong></span> <span class='ocrx_word' id='word_1_318' title='bbox 774 4135 990 4200; x_wconf 74' lang='lat' dir='ltr'><strong>periculi</strong></span> <span class='ocrx_word' id='word_1_319' title='bbox 1011 4143 1068 4185; x_wconf 81' lang='lat' dir='ltr'><strong>et</strong></span> <span class='ocrx_word' id='word_1_320' title='bbox 1091 4135 1190 4186; x_wconf 80' lang='lat' dir='ltr'><strong>cri-</strong></span> <span class='ocrx_word' id='word_1_321' title='bbox 1270 4135 1574 4199; x_wconf 73' lang='lat' dir='ltr'><strong>dulgentem</strong></span> <span class='ocrx_word' id='word_1_322' title='bbox 1627 4135 1814 4199; x_wconf 81' lang='lat' dir='ltr'><strong>fuisse,</strong></span> <span class='ocrx_word' id='word_1_323' title='bbox 1871 4152 2021 4203; x_wconf 76' lang='lat' dir='ltr'><strong>quam</strong></span> <span class='ocrx_word' id='word_1_324' title='bbox 2068 4138 2185 4189; x_wconf 76' lang='lat' dir='ltr'><strong>illos</strong></span> 
     </span>
     <span class='ocr_line' id='line_1_38' title="bbox 283 4201 2187 4267; baseline 0.001 -15"><span class='ocrx_word' id='word_1_325' title='bbox 283 4203 448 4264; x_wconf 76' lang='lat' dir='ltr'><strong>minis,</strong></span> <span class='ocrx_word' id='word_1_326' title='bbox 481 4209 682 4251; x_wconf 72' lang='lat' dir='ltr'><strong>testata</strong></span> <span class='ocrx_word' id='word_1_327' title='bbox 718 4215 748 4251; x_wconf 83' lang='lat' dir='ltr'><strong>a</strong></span> <span class='ocrx_word' id='word_1_328' title='bbox 779 4201 839 4249; x_wconf 87' lang='grc' dir='ltr'><strong>Τ.</strong></span> <span class='ocrx_word' id='word_1_329' title='bbox 869 4201 1033 4258; x_wconf 80' lang='lat' dir='ltr'><strong>Livio,</strong></span> <span class='ocrx_word' id='word_1_330' title='bbox 1066 4215 1190 4251; x_wconf 86' lang='lat' dir='ltr'><strong>con-</strong></span> <span class='ocrx_word' id='word_1_331' title='bbox 1271 4201 1420 4264; x_wconf 75' lang='lat' dir='ltr'><strong>longe</strong></span> <span class='ocrx_word' id='word_1_332' title='bbox 1441 4201 1650 4252; x_wconf 73' lang='lat' dir='ltr'><strong>levioris</strong></span> <span class='ocrx_word' id='word_1_333' title='bbox 1674 4203 2002 4254; x_wconf 76' lang='lat' dir='ltr'><strong>auctoritatis</strong></span> <span class='ocrx_word' id='word_1_334' title='bbox 2024 4204 2187 4267; x_wconf 75' lang='lat' dir='ltr'><strong>scrip-</strong></span> 
     </span>
     <span class='ocr_line' id='line_1_39' title="bbox 283 4263 2186 4330; baseline 0.002 -13"><span class='ocrx_word' id='word_1_335' title='bbox 283 4277 419 4318; x_wconf 66' lang='lat' dir='ltr'><strong>stare</strong></span> <span class='ocrx_word' id='word_1_336' title='bbox 471 4266 684 4317; x_wconf 77' lang='lat' dir='ltr'><strong>videtur</strong></span> <span class='ocrx_word' id='word_1_337' title='bbox 746 4263 922 4314; x_wconf 78' lang='lat' dir='ltr'><strong>ambos</strong></span> <span class='ocrx_word' id='word_1_338' title='bbox 986 4280 1191 4330; x_wconf 82' lang='lat' dir='ltr'><strong>quoque</strong></span> <span class='ocrx_word' id='word_1_339' title='bbox 1271 4275 1434 4328; x_wconf 84' lang='lat' dir='ltr'><strong>tores,</strong></span> <span class='ocrx_word' id='word_1_340' title='bbox 1456 4266 1714 4318; x_wconf 73' lang='lat' dir='ltr'><strong>Zonaram</strong></span> <span class='ocrx_word' id='word_1_341' title='bbox 1736 4276 1793 4320; x_wconf 86' lang='lat' dir='ltr'><strong>et</strong></span> <span class='ocrx_word' id='word_1_342' title='bbox 1815 4267 2095 4320; x_wconf 77' lang='lat' dir='ltr'><strong>Auctorem</strong></span> <span class='ocrx_word' id='word_1_343' title='bbox 2117 4267 2186 4321; x_wconf 79' lang='lat' dir='ltr'><strong>dc</strong></span> 
     </span>
     <span class='ocr_line' id='line_1_40' title="bbox 283 4331 1745 4410; baseline 0.002 -27"><span class='ocrx_word' id='word_1_344' title='bbox 283 4333 622 4384; x_wconf 69' lang='lat' dir='ltr'><strong>emm-niter</strong></span> <span class='ocrx_word' id='word_1_345' title='bbox 641 4344 748 4380; x_wconf 77' lang='lat' dir='ltr'><strong>rem</strong></span> <span class='ocrx_word' id='word_1_346' title='bbox 773 4331 998 4410; x_wconf 60' lang='lat' dir='ltr'><strong>gessisse</strong></span> <span class='ocrx_word' id='word_1_347' title='bbox 1029 4331 1084 4381; x_wconf 82' lang='lat' dir='ltr'><strong>in</strong></span> <span class='ocrx_word' id='word_1_348' title='bbox 1116 4331 1190 4381; x_wconf 78' lang='grc' dir='ltr'><strong>ΙΙ·</strong></span> <span class='ocrx_word' id='word_1_349' title='bbox 1271 4331 1352 4383; x_wconf 79' lang='lat' dir='ltr'><strong>vir</strong></span> <span class='ocrx_word' id='word_1_350' title='bbox 1373 4331 1562 4386; x_wconf 84' lang='lat' dir='ltr'><strong>illustr.</strong></span> <span class='ocrx_word' id='word_1_351' title='bbox 1599 4334 1745 4386; x_wconf 74' lang='lat' dir='ltr'><strong>creo.</strong></span> 
     </span>
     <span class='ocr_line' id='line_1_41' title="bbox 281 4395 1192 4466; baseline -0.002 -15"><span class='ocrx_word' id='word_1_352' title='bbox 281 4401 472 4466; x_wconf 71' lang='lat' dir='ltr'><strong>lydcoz</strong></span> <span class='ocrx_word' id='word_1_353' title='bbox 506 4405 566 4450; x_wconf 86' lang='lat' dir='ltr'><strong>et</strong></span> <span class='ocrx_word' id='word_1_354' title='bbox 600 4395 898 4462; x_wconf 79' lang='lat' dir='ltr'><strong>Polybium,</strong></span> <span class='ocrx_word' id='word_1_355' title='bbox 917 4396 1047 4448; x_wconf 81' lang='lat' dir='ltr'><strong>licet</strong></span> <span class='ocrx_word' id='word_1_356' title='bbox 1070 4411 1192 4449; x_wconf 82' lang='lat' dir='ltr'><strong>auc-</strong></span> 
     </span>
    </p>
   </div>
  </div>
 </body>
</html>
