3300 5225
775 467 952 536 1658
1721 484 1789 532 'r-
1838 482 2027 534 mvn

777 649 855 697 ae
897 628 1338 697 arcessiat-ate
1381 634 1671 715 actaque
1712 648 1823 695 res
1854 632 2055 697 etiam
2094 630 2163 695 in
2211 632 2451 695 senatu
2480 628 2720 708 suerat,
2752 628 2987 695 Barci-

773 733 884 799 nis
926 733 1319 810 nitentibuS,
1369 738 1448 798 ut
1491 739 1911 799 assuesceret
1957 732 2219 799 militiae
2273 733 2649 813 Hannibal,
2678 740 2886 819 atque
2913 733 2989 797 in

773 844 1092 922 paternas
1149 841 1609 901 succresceret
1668 844 1915 921 opes.¹¹
2008 836 2279 915 Hanno,
2338 836 2615 901 alterius
2668 836 2989 901 factionis

771 942 1110 1025 princepe,
1154 950 1172 976 ‘
1199 940 1284 1005 Et
1307 958 1578 1026 aequum
1607 940 1955 1023 postulare
1980 939 2289 1018 videtur,’
2333 940 2575 1024 inquit,
2620 944 2644 974 ‘
2670 939 2989 1004 Hasdru-

771 1042 928 1125 bal;
972 1052 1042 1109 et
1072 1061 1198 1126 ego
1225 1050 1280 1091 ¹4
1319 1050 1544 1109 tamen
1573 1062 1709 1107 non
1747 1063 2017 1121 censeo,
2046 1043 2231 1127 quod
2282 1043 2470 1127 petit,
2520 1038 2990 1108 tribuendum.’

773 1144 946 1211 Cum
975 1145 1412 1213 admiratione
1447 1150 1583 1211 tam
1617 1146 1934 1230 ancipitis
1979 1148 2331 1213 sententiae
2358 1148 2427 1213 in
2458 1165 2533 1211 se
2562 1166 2795 1211 omnes
2825 1166 2989 1211 con-

771 1250 1108 1329 vertisset,
1152 1254 1172 1287 ‘
1197 1249 1460 1315 Florem
1501 1246 1773 1327 aetatis:
1818 1249 2059 1333 inquit,
2102 1254 2123 1283 ‘
2150 1248 2565 1327 Hasdrubal,
2599 1270 2799 1333 quem
2829 1250 2985 1333 ipse

771 1354 952 1437 patri
983 1352 1398 1419 Hannibalis
1423 1351 1772 1417 fruendum
1803 1354 2109 1438 praebuit,
2148 1352 2337 1437 justo
2373 1352 2525 1437 jure
2572 1373 2729 1418 enm
2760 1371 2803 1418 a
2842 1352 2987 1417 filio

769 1456 986 1542 repeti
1029 1463 1285 1522 censet.
1374 1454 1523 1521 Nos
1565 1464 1786 1521 tamen
1830 1457 2099 1522 minime
2141 1456 2359 1535 decet,
2381 1457 2801 1541 juventutem
2828 1474 2987 1519 nos-

768 1565 943 1626 tram
988 1578 1112 1643 pro
1141 1558 1407 1624 militari
1437 1558 1812 1623 rudimento
1852 1557 2275 1625 assuefacere
2304 1558 2572 1624 libidini
2602 1562 2989 1643 praetorum.

767 1660 882 1727 An
926 1660 1060 1727 hoc
1105 1662 1441 1740 timemuS,
1473 1681 1559 1726 ne
1605 1660 2023 1726 Hamilcaris
2068 1660 2249 1726 filius
2285 1662 2480 1727 nimis
2522 1681 2671 1727 sero
2700 1662 2988 1745 imperia

769 1763 1132 1830 immodica
1159 1770 1228 1830 et
1250 1765 1432 1848 regni
1463 1764 1725 1855 paterni
1748 1765 2039 1849 speciem
2066 1765 2337 1831 videat‘l
2356 1772 2442 1814 ’ΞΡ
2480 1771 2565 1842 et,
2589 1764 2783 1849 cujtrs
2806 1766 2989 1847 regis

771 1887 1020 1951 genero
1065 1866 1462 1935 haereditarii
1506 1868 1639 1934 sint
1683 1866 1901 1933 relicti
1924 1865 1975 1907 ¹⁶
2016 1869 2353 1934 exercitus
2394 1868 2631 1947 nostri,
2663 1868 2811 1953 ejus
2840 1866 2985 1933 filio

768 1992 1008 2056 parum
1049 1979 1306 2037 mature
1354 1971 1777 2037 serviamus?
1867 1968 2037 2054 Ego,
2068 1972 2271 2036 istum
2302 1972 2618 2058 juvenem
2648 1968 2835 2035 domi
2881 1977 2987 2035 te-

762 2075 1078 2157 nendum,
1109 2077 1238 2142 snb
1282 2075 1564 2160 legibuS,
1607 2075 1737 2139 sub
1784 2075 2291 2155 magistratibus
2337 2072 2713 2139 docendum
2757 2074 2986 2139 vivere

770 2196 976 2263 aequo
1014 2179 1167 2265 jure
1209 2200 1361 2246 cum
1399 2178 1655 2257 ceteriS,
1687 2196 1967 2244 censeo:
2012 2198 2094 2241 ne
2120 2176 2533 2263 quandoque
2568 2196 2818 2260 parvus
2862 2175 2981 2241 hic

768 2280 946 2363 ignis
972 2281 1348 2347 incendium
1378 2284 1612 2367 ingens
1643 2280 2061 2347 exsuscitet?

855 2386 921 2447 4.
967 2384 1190 2449 Pauci
1239 2405 1320 2449 ac
1364 2384 1570 2450 ferme
1617 2385 2249 2473 optimus-quisque
2293 2382 2613 2447 Hannoni
2661 2380 2985 2445 assentie-

768 2486 1050 2555 bantur:
1095 2486 1212 2552 sed
1243 2486 1350 2575 (ut
1393 2488 1789 2577 plerumque
1830 2484 1937 2571 fit)
1965 2487 2179 2571 major
2223 2506 2381 2573 pars
2413 2486 2753 2551 meliorem
2797 2484 2984 2547 vic-it.

773 2589 1038 2658 Missus
1093 2588 1444 2658 Hannibal
1496 2590 1570 2656 in
1629 2589 2093 2675 Hispaniama
2151 2592 2371 2676 primo
2422 2589 2647 2657 statim
2693 2586 2985 2653 adventu

1693 2776 2058 2799 ‘emonem

838 2894 900 2942 12
935 2891 1078 2943 Olim
1110 2893 1384 2958 legebatur
1411 2893 1546 2945 intra
1571 2895 2001 2958 pretorium—18
2034 2894 2051 2922 ⁴
2076 2894 2137 2944 In
2166 2899 2390 2958 paternae
2418 2895 2724 2942 succresceret
2753 2905 2894 2952 open,-
2926 2890 2983 2942 id

770 2955 883 3007 aliia
907 2958 1008 3020 legi
1033 2973 1126 3023 pro
1152 2961 1288 3022 vulg.
1311 2963 1596 3021 succederet,
1619 2969 1855 3012 notatum
1879 2962 1929 3010 in
1956 2976 2114 3024 marg.
2138 2961 2240 3009 Ms.
2266 2961 2400 3008 Flor.
2425 2959 2583 3022 idque
2612 2960 2770 3008 etiam
2795 2957 2987 3022 proba·

767 3031 892 3072 runt
931 3023 1093 3072 Gron.
1124 3032 1180 3073 et
1203 3025 1393 3074 Bauer.
1462 3027 1516 3075 1⁸
1537 3025 1649 3088 jam
1692 3026 1825 3076 bene
1864 3028 2084 3082 monuit,
2118 3024 2343 3074 nondum
2366 3027 2609 3074 succedere
2633 3021 2985 3073 Hannibalem

765 3089 906 3152 patri
929 3088 1186 3151 debuisse,
1207 3090 1298 3139 sed
1321 3105 1527 3140 crescere
1549 3101 1709 3156 atque
1732 3093 1945 3141 educari
1968 3093 2017 3142 in
2040 3105 2185 3153 spem
2213 3099 2442 3154 paterna?
2468 3090 2739 3150 potentiae,
2764 3103 2863 3137 non
2888 3103 2986 3154 po-

769 3153 978 3204 testatis
1013 3163 1067 3204 et
1092 3156 1336 3211 muneris,
1359 3155 1450 3206 sed
1473 3172 1613 3219 opum
1635 3155 2096 3222 auctoritatisque)
2134 3157 2469 3220 Rama—1⁴
2502 3159 2518 3184 ⁴
2554 3155 2615 3203 Et
2637 3169 2822 3218 equam
2837 3185 2882 3202 .-
2900 3161 2984 3204 ,εί

767 3233 874 3282 ego.
909 3219 1025 3269 Nisi
1048 3225 1096 3269 et
1117 3223 1280 3283 primo
1303 3221 1419 3270 loco
1443 3221 1530 3282 sit,
1547 3237 1610 3272 ex
1632 3237 1727 3272 una
1741 3229 1878 3285 parce
1890 3240 1909 3282 ,-
1930 3232 1985 3272 et
2006 3223 2328 3276 secundeum·
2342 3221 2493 3269 altera
2511 3224 2680 3282 marte,-
2702 3221 2800 3268 vini
2819 3220 2986 3282 gemi-

767 3293 908 3334 natae
927 3287 1196 3346 particnlae
1218 3291 1268 3336 et
1287 3291 1336 3335 et
1359 3302 1440 3336 me
1464 3301 1562 3336 non
1587 3291 1789 3352 assequi
1816 3291 1866 3338 in
1894 3290 2121 3338 hocloco
2144 3287 2369 3350 ingenue
2392 3283 2571 3334 fateor.
2608 3287 2773 3334 Deest
2799 3285 2987 3334 vocula

769 3355 814 3398 ee
844 3359 965 3400 ante
987 3365 1192 3414 aequum,
1215 3359 1346 3401 teste
1373 3353 1811 3415 Drakenborclrio‚
1836 3356 1885 3403 in
1908 3356 2032 3404 Rec-
2056 3367 2272 3417 eannque
2294 3351 2567 3400 delendam
2600 3365 2713 3399 esse
2736 3351 2985 3414 ascriptis

767 3416 904 3464 notis
929 3415 1126 3466 indicat
1149 3419 1384 3467 librarius
1409 3420 1537 3469 Lov.
1560 3425 1608 3470 2.
1642 3419 1745 3468 Sed
1773 3419 2045 3470 delendum
2070 3418 2290 3469 fortasse
2312 3423 2359 3468 et
2384 3427 2506 3465 aitte
2528 3432 2633 3478 ego,
2658 3425 2713 3464 et
2738 3418 2879 3464 loen·
2902 3417 2987 3465 sic

767 3482 1162 3533 constituendus
1183 3499 1196 3533 ι
1233 3483 1344 3532 Etsi
1365 3499 1550 3548 equum
1567 3517 1582 3534 .
1603 3518 1616 3533 .
1632 3519 1646 3534 .
1662 3501 1748 3547 ego
1770 3491 1945 3536 tamen.
1961 3519 1974 3534 .
1992 3517 2006 3538 .
2028 3521 2041 3535 .
2059 3486 2140 3534 vel
2170 3489 2221 3534 at
2256 3497 2345 3546 ego
2377 3497 2468 3546 pro
2490 3488 2536 3531 ec
2561 3497 2648 3543 ego
2685 3481 2985 3544 legendnm,

767 3546 846 3596 ita
876 3557 936 3596 nt
962 3554 1008 3596 et
1041 3555 1162 3598 ante
1193 3563 1378 3612 aquam
1400 3552 1516 3612 jam
1541 3550 1628 3610 sit,
1666 3550 1924 3612 profecto,
1960 3567 2021 3600 ac
2056 3565 2209 3610 aane;
2246 3550 2295 3599 in
2328 3564 2430 3614 qua
2452 3548 2827 3610 significatione
2850 3545 2911 3596 τὸ
2932 3551 2985 3596 et

768 3611 834 3661 ab
857 3613 1002 3661 initio
1025 3616 1395 3663 annuntiationis
1419 3629 1778 3679 nonnunquam
1804 3618 1925 3678 poni
1948 3613 2117 3666 solet?
2150 3615 2519 3677 Doering.-15
2555 3614 2712 3678 Legit
2728 3615 2860 3664 Τιυ.
2888 3613 2984 3662 Fa-

767 3674 863 3727 ber
881 3679 1198 3730 inducite-16
1230 3680 1570 3730 scribendum
1597 3691 1774 3733 monet
1795 3683 1847 3734 J.
1872 3683 1929 3733 F.
1950 3683 2182 3733 Gronov.
2210 3687 2325 3731 sunt
2348 3678 2523 3731 relicti.

1769 3839 1987 3894 NOTAE

765 3937 895 3989 baiis
933 3937 1061 4002 vita,
1098 3949 1156 3991 et
1191 3957 1256 3992 ex
1299 3957 1514 3994 numero
1559 3957 1835 4005 annorum,
1915 3949 2023 3994 tum
2070 3941 2211 4007 belli,
2249 3947 2303 3993 et
2348 3941 2636 4006 imperator
2678 3939 2943 3991 exercitus
2962 3955 2981 3990 ε

765 4017 850 4082 qni
876 4017 1192 4079 colliguntur
1214 4021 1278 4070 ab
1300 4021 1613 4072 Hamilcaris
1636 4023 1687 4072 in
1709 4022 1832 4071 His·
1911 4019 2002 4070 sed
2026 4021 2206 4070 horum
2232 4025 2378 4070 tanta
2401 4025 2635 4082 potestas
2656 4025 2754 4080 ern,
2786 4024 2843 4066 ut
2876 4031 2983 4066 non

765 4092 971 4156 partiam
997 4097 1240 4162 transitu,
1259 4098 1600 4150 Hannibalem
1623 4099 1755 4149 duos
1776 4106 1833 4149 et
1912 4101 2004 4150 aba
2028 4115 2085 4150 re
2110 4099 2316 4161 Hanno,
2350 4101 2434 4150 eni
2468 4098 2725 4162 ejusmodi
2759 4097 2983 4161 imperia

768 4171 952 4234 viginti
977 4187 1140 4223 annos
1165 4183 1344 4225 natum
1383 4173 1562 4238 fuisse,
1583 4189 1699 4226 cnm
1722 4176 1828 4242 pri·
1912 4191 2097 4228 vocare
2120 4177 2185 4227 ad
2206 4175 2447 4226 invidiam
2476 4177 2674 4227 animus
2697 4181 2835 4238 erat,
2858 4187 2980 4238 reg·

767 4261 904 4297 mum
925 4250 976 4297 in
1001 4266 1111 4298 eam
1138 4253 1402 4314 regionem
1427 4255 1586 4304 venit.
1910 4255 1964 4302 ni
1990 4263 2041 4304 et
2064 4254 2201 4315 regis
2220 4253 2511 4302 nominibus
2528 4253 2791 4302 abutatur.

830 4335 857 4370 Ρ
891 4328 1054 4392 Regni
1077 4333 1266 4392 paterni
1299 4332 1502 4394 speciem
1529 4330 1711 4396 videat]
1744 4331 1828 4381 An
1975 4339 2001 4376 «1
2036 4333 2098 4383 In
2120 4331 2428 4396 Hispaniam]
2452 4333 2702 4382 Extrema
2719 4329 2978 4381 Occiden-

763 4405 924 4471 igitnr
957 4422 1049 4458 rex
1072 4407 1368 4460 Hamilcar?
1401 4410 1555 4460 immo
1585 4411 1687 4461 dux
1716 4419 1829 4462 tan·
1914 4418 2019 4464 tem
2062 4425 2240 4462 venua
2276 4411 2497 4475 Europae
2537 4408 2684 4474 regio
2724 4407 2981 4472 Hispania
