3300 5225
782 352 959 419 1766
1725 370 1797 421 τ.
1846 370 2046 420 mvn

848 513 1113 567 Hannibal
1135 527 1201 564 ex
1223 513 1458 579 Hirpinis
1490 514 1544 565 in
1566 514 1848 573 Samnium,
1879 521 1955 578 et,
1979 516 2170 578 Capua·
2194 514 2456 581 potiundus
2486 528 2580 580 spe
2613 515 2710 581 ipsi
2742 514 2906 575 facta,
2928 514 2982 567 in

850 598 1184 663 Campaniam
1209 599 1397 647 transit
1421 614 1437 661 ς
1470 612 1501 647 a
1520 597 1654 648 duce
1677 604 1851 648 autem
1875 598 1992 661 viae,
2019 598 2219 648 Punica
2249 598 2510 648 nominum
2551 600 2982 663 pronuntiatione

850 680 1095 744 decepto.
1136 679 1422 730 Casilinum
1463 679 1691 738 ducitur,
1728 694 1831 730 non
1870 680 1924 729 in
1967 695 2143 744 agrum
2169 680 2485 742 Casinatem,
2523 694 2626 745 quo
2663 679 2985 731 contendere

852 769 1122 819 statuerat,
1160 769 1219 812 nt
1257 760 1329 812 ibi
1374 768 1662 827 occuparet
1697 763 1885 812 saltum
1931 770 1988 812 et
2015 762 2213 812 exitum
2251 762 2497 813 Romanis
2540 760 2606 811 ad
2644 776 2798 825 opem
2830 761 2985 811 sociis

851 843 1120 894 ferendam
1137 844 1535 895 intercluderet.
1604 848 1685 895 14.
1717 844 1968 895 Falernus
1989 859 2115 909 ager
2134 846 2531 909 colonorumque
2551 842 2816 893 Sinuessae
2845 848 2990 893 tecta

850 932 1140 976 exuruntur
1160 926 1257 975 sub
1283 926 1445 976 oculis
1472 926 1690 977 miiitum
1715 925 1882 989 Fabii,
1905 942 2034 991 quos
2053 926 2300 977 seditiosa
2332 925 2450 975 hinc
2473 923 2708 975 oratione
2743 925 2991 976 accendit

852 1006 1135 1057 Minucius.
1204 1012 1282 1057 15.
1316 1008 1563 1058 Dictator
1584 1007 1874 1057 obstinatus
1897 1014 2098 1073 perstat
2124 1008 2176 1056 in
2197 1006 2553 1069 cunctatione,
2569 1013 2625 1055 et
2641 1006 2702 1055 1..
2725 1006 2984 1057 Hostilius

852 1088 1149 1151 Mancinus,
1164 1087 1489 1151 exploratum
1514 1089 1699 1138 missus
1729 1102 1846 1138 cum
1865 1101 1956 1138 cn.
1976 1088 2253 1154 equitibus,
2269 1087 2505 1138 ardorem
2531 1086 2798 1151 pugnandi
2815 1096 2988 1138 morte

851 1169 967 1219 luit.
1034 1172 1115 1218 16.
1150 1168 1416 1218 Hannibal
1442 1168 1660 1218 vallibus
1685 1168 1986 1232 includitur,
2007 1170 2089 1219 via
2111 1169 2178 1218 ad
2203 1168 2485 1219 Casilinum
2503 1168 2736 1231 obsessa,
2755 1168 2850 1219 sed
2875 1175 2992 1219 arte

853 1250 1046 1312 evadit,
1112 1254 1192 1299 17.
1224 1249 1482 1300 frustrans
1514 1251 1792 1309 Romanos,
1829 1258 2136 1318 terrensque
2173 1258 2388 1316 aspectu
2423 1248 2664 1316 flammae,
2710 1264 2778 1300 ex
2818 1250 2998 1315 boum,

858 1331 1099 1382 furenter
1133 1332 1553 1391 discurrentium,
1593 1332 1835 1384 cornibus
1895 1334 2194 1385 relucentis.
2273 1337 2353 1383 18.
2395 1332 2805 1399 Populabundns
2845 1332 2996 1383 Sam-

855 1417 1015 1471 nium,
1055 1414 1301 1480 Pelignus
1343 1424 1398 1466 et
1432 1414 1674 1479 Apuliam
1712 1422 1976 1481 peragrat.
2041 1415 2232 1467 Fabius
2265 1430 2532 1465 sacrorum
2574 1428 2734 1465 causa
2774 1414 2995 1465 Romam

860 1495 1229 1561 proficiscitur,
1255 1498 1561 1561 pra-monito
1584 1498 1833 1560 magistro
1857 1498 2111 1562 equitum,
2135 1512 2199 1547 ne
2217 1512 2331 1548 cum
2351 1497 2494 1547 hoste
2517 1494 2846 1561 confligeret.

794 1582 874 1627 19.
910 1577 971 1627 In
996 1578 1251 1642 Hispania
1274 1580 1369 1629 Cn.
1388 1578 1564 1643 Scipio
1588 1579 1637 1628 iu
1675 1576 1849 1643 fugam
1887 1579 2152 1630 convertit
2174 1579 2393 1629 classem
2429 1578 2796 1639 Hasdrubalis,
2835 1591 2997 1627 naves

860 1673 1021 1724 prope
1046 1669 1239 1709 terram
1270 1660 1662 1727 exercitumque
1703 1660 1755 1711 in
1793 1661 1972 1711 littore
2007 1660 2266 1712 ducentis.
2308 1664 2392 1711 20.
2413 1659 2569 1725 Capit
2604 1672 2738 1709 xxv.
2767 1660 2997 1710 hostium

858 1756 1036 1804 naves,
1070 1750 1124 1792 et
1161 1742 1473 1808 Honoscarm
1510 1743 1904 1807 Longunticam,
1938 1742 2278 1809 Ebusnmque
2318 1744 2533 1792 insulam
2567 1741 2772 1806 diripit.
2839 1741 3000 1791 Multi

857 1822 1126 1887 Hispania
1151 1824 1324 1889 populi
1361 1826 1558 1889 legatos
1581 1825 1796 1877 mittunt
1819 1840 2000 1891 pacem
2041 1834 2300 1892 petentes,
2322 1832 2378 1875 et
2399 1824 2616 1890 amplius
2647 1837 2783 1874 cxx.
2815 1823 3003 1874 civita-

860 1911 939 1955 tes
961 1919 1017 1955 se
1042 1905 1287 1955 Romanis
1312 1905 1529 1958 dedunt.
1599 1906 1900 1958 Hasdrubal
1937 1909 1988 1957 in
2025 1908 2346 1959 Lusitaniam
2382 1920 2444 1957 ac
2485 1906 2697 1970 propius
2723 1904 3002 1956 Oceanum

858 1985 1116 2039 concedit.
1180 1991 1262 2037 21.
1297 1988 1610 2038 Mandonius
1635 1987 2002 2055 Indibilisque,
2039 1986 2229 2041 fratres
2261 1996 2319 2039 et
2349 1987 2511 2051 reguli
2535 1987 2849 2051 Ilergetum,
2883 1984 3004 2036 fun·

860 2069 1052 2118 duntur
1083 2084 1115 2118 a
1148 2068 1419 2131 Scipione,
1450 2076 1505 2120 et
1526 2070 1846 2135 Hasdrubal,
1886 2072 1974 2136 qui
2012 2070 2088 2121 cis
2105 2070 2316 2120 Iberum
2336 2068 2401 2118 ad
2429 2069 2596 2118 socios
2631 2067 2884 2123 tutandos
2921 2082 3003 2117 re·

858 2148 1031 2198 dierat
1052 2149 1150 2215 bis,
1174 2164 1205 2199 a
1229 2149 1525 2200 Celtiebris.
1568 2154 1653 2201 22.
1676 2151 1740 2201 P.
1767 2152 1948 2217 Scipio
1968 2152 2123 2202 Proc.
2145 2150 2196 2200 in
2213 2150 2519 2215 Hispaniam
2542 2148 2741 2209 missus,
2762 2146 2920 2199 fratri
2944 2163 3005 2200 se

859 2232 1144 2296 conjungit,
1164 2238 1219 2281 et
1242 2245 1356 2282 cum
1382 2247 1448 2282 eo
1484 2230 1695 2281 Iberum
1719 2240 2072 2297 transgressus
2097 2231 2229 2296 petit
2249 2231 2556 2294 Saguntum,
2579 2229 2664 2279 ubi
2689 2228 2901 2280 obsides
2925 2236 3004 2281 to·

862 2312 963 2361 tius
988 2310 1277 2375 Hispaniae,
1302 2312 1481 2363 Poenis
1506 2312 1634 2370 dati,
1661 2328 1692 2363 a
1723 2312 1948 2363 Bostare
1981 2313 2420 2363 custodiebantur.
2488 2311 2559 2361 Hi
2585 2317 2699 2361 arte
2734 2310 3006 2373 Abelucis,

862 2392 1046 2465 nobilis
1072 2392 1317 2457 Hispani,
1336 2394 1387 2443 in
1408 2402 1577 2444 castra
1602 2394 1962 2459 perducuntur
1991 2395 2313 2459 Scipionum,
2334 2402 2388 2444 et
2408 2392 2475 2443 ab
2491 2392 2570 2441 his
2595 2392 2934 2443 remittuntur
2951 2394 3004 2443 in

862 2473 1103 2525 civitates
1120 2489 1257 2540 suas,
1294 2491 1427 2540 quo,
1448 2476 1538 2526 tali
1557 2474 1814 2527 beneficio
1836 2478 2124 2540 obstrictae,
2143 2491 2262 2527 mox
2284 2490 2460 2526 omnes
2484 2492 2513 2526 a
2536 2475 2715 2525 Poenis
2734 2474 3004 2526 deficiunt.

794 2558 878 2606 28.
910 2555 1083 2606 Solers
1108 2556 1252 2606 Fabii
1276 2557 1545 2607 cunctatio
1568 2558 1712 2623 angit
1737 2558 2103 2615 Hannibalem,
2126 2565 2182 2608 et
2204 2556 2481 2607 damnatur
2503 2573 2534 2606 a
2564 2556 2784 2607 civibus.
2850 2557 3003 2624 Ager

860 2641 995 2706 ejus,
1018 2639 1253 2691 omnibus
1274 2643 1417 2693 circa
1439 2643 1547 2692 solo
1570 2643 1806 2708 equatis,
1827 2656 1930 2692 nou
1956 2643 2182 2692 violatur
2211 2643 2279 2692 ab
2297 2642 2468 2706 hoste,
2489 2650 2549 2692 nt
2565 2641 2758 2692 occulti
2780 2640 3005 2706 alicujus

864 2723 1004 2787 pacti
1041 2737 1103 2772 ea
1138 2737 1334 2772 merces
1375 2724 1538 2774 videri
1574 2725 1755 2788 possit,
1795 2723 1889 2774 sed
1916 2739 2033 2774 mox
2073 2739 2105 2774 a
2132 2723 2388 2775 dictatore
2411 2723 2674 2789 venditur,
2697 2731 2756 2774 ut
2780 2723 3008 2788 pecnnia

862 2803 984 2854 inde
1005 2804 1221 2856 redacta
1242 2805 1478 2869 captivos
1504 2806 1746 2856 redimat.
1793 2809 1877 2856 24.
1901 2807 1978 2856 Eo
1999 2807 2215 2857 absente
2239 2807 2498 2858 Minucius
2521 2807 2643 2856 laeto
2665 2809 2826 2871 magis
2851 2821 3008 2869 quam

864 2900 1112 2950 prospero
1136 2894 1327 2937 eventu
1351 2901 1466 2936 cum
1491 2887 1733 2937 hostibus
1758 2897 1973 2952 pugnat.
2041 2891 2125 2938 25.
2163 2888 2246 2939 Ita
2281 2895 2504 2952 augetur
2527 2887 2724 2936 invidia
2747 2887 2922 2948 Fabii,
2952 2895 3013 2939 et

862 2967 941 3017 M.
962 2969 1197 3018 Metilius
1222 2968 1457 3019 tribunus
1495 2969 1664 3035 plebis
1704 2970 2019 3034 rogationem
2059 2970 2356 3036 promulgat
2395 2969 2462 3020 de
2498 2969 2752 3035 aequando
2774 2969 3016 3032 magistri

865 3051 1096 3115 equitum
1120 3057 1175 3101 et
1200 3051 1474 3101 dictatoris
1490 3051 1631 3116 jure.
1698 3050 1879 3101 Pridie
1905 3066 2056 3118 quam
2099 3052 2206 3116 ejus
2245 3050 2475 3102 ferendae
2499 3050 2611 3100 dies
2635 3051 2801 3113 adest,
2819 3049 3015 3100 Fabius

863 3138 1018 3182 nocte
1038 3131 1102 3182 ad
1126 3133 1414 3183 exercitum
1438 3133 1568 3194 ablt,
1601 3141 1782 3184 creato
1815 3141 1936 3184 ante
1960 3134 2170 3184 consule
2196 3134 2270 3184 M.
2291 3131 2458 3184 Atilio
2498 3133 2720 3197 Regulo.
2783 3137 2871 3182 26.
2905 3133 3014 3182 Ro·

864 3211 1005 3275 gatio
1024 3212 1115 3262 illa
1136 3212 1420 3278 perfertur,
1464 3214 1716 3265 suadente
1741 3215 1799 3264 C.
1819 3215 2067 3265 Terentio
2089 3215 2342 3280 Varrone,
2381 3216 2489 3264 viro
2513 3215 2692 3264 humili
2729 3215 2849 3265 loco
2872 3221 3014 3272 orto,

865 3294 955 3363 qui
978 3294 1342 3359 proclamando
1377 3311 1473 3362 pro
1496 3297 1718 3347 sordidis
1749 3296 2040 3348 bominibus
2074 3296 2304 3348 favorem
2341 3303 2648 3360 captaverat
2681 3297 3013 3362 popularem,

864 3385 919 3429 et
952 3376 1019 3427 ad
1044 3391 1256 3442 magnos
1281 3377 1391 3442 jam
1429 3379 1648 3428 bonores
1683 3385 2016 3443 pervenerat.
2082 3382 2165 3428 27.
2200 3377 2479 3428 Exercitus
2515 3377 2657 3427 inter
2695 3375 2914 3427 Fabium
2953 3383 3014 3428 et

869 3459 1155 3510 Miuucinm
1179 3458 1498 3512 dividuntur.
1561 3463 1644 3510 28.
1685 3459 1947 3511 Minucius
1972 3474 2090 3510 mox
2112 3461 2163 3510 in
2190 3458 2357 3510 aciem
2393 3459 2682 3524 descendit,
2705 3466 2762 3510 et
2782 3458 3010 3522 laborat,

866 3539 1253 3591 insidiatoribus
1277 3541 1328 3591 in
1350 3542 1522 3593 latera
1539 3549 1698 3603 atque
1724 3543 1789 3592 ab
1829 3550 1979 3608 tergo
2015 3543 2417 3593 incursantibus.
2483 3545 2567 3592 29.
2603 3541 2831 3592 Fabiana
2869 3541 3013 3593 acies

870 3631 1113 3690 repente,
1137 3623 1280 3673 velut
1303 3623 1434 3673 coelo
1451 3622 1693 3681 demissa,
1718 3623 1909 3675 auxillo
1929 3623 2090 3686 venit,
2113 3624 2404 3689 Poenusque
2441 3622 2581 3672 canit
2606 3623 2864 3687 receptui.
2930 3626 3020 3673 8⁰.

868 3704 1133 3755 Minucius
1157 3710 1329 3754 castra
1352 3719 1469 3756 cum
1496 3705 1658 3756 Fabio
1671 3704 1872 3770 jungit,
1897 3711 2170 3771 rogatque,
2194 3712 2253 3756 ut
2273 3704 2626 3770 magisterium
2649 3705 2748 3755 sibi
2773 3705 3010 3768 equitum

870 3783 1139 3837 reddatur.
1189 3784 1432 3836 Dictator
1450 3785 1649 3838 Parens
1667 3801 1728 3836 ac
1745 3786 1938 3838 milites
1962 3787 2075 3851 ejus
2097 3787 2311 3837 Patroni
2332 3787 2654 3837 salutantur:
2689 3793 2746 3837 et
2767 3801 2902 3838 nunc
2923 3787 3014 3838 ille

871 3881 965 3932 par
990 3867 1154 3932 gloria
1177 3873 1258 3916 est
1280 3866 1420 3932 apud
1446 3867 1590 3918 cives
1612 3868 1912 3934 hostesque.

809 3953 892 4000 81.
926 3947 1022 3998 Cn.
1058 3947 1307 3999 Servilius
1330 3948 1583 4000 Geminus
1604 3965 1712 4001 cos.
1738 3950 1873 4000 male
1895 3965 2003 4001 rem
2023 3952 2164 4015 gerit
2182 3950 2236 4001 in
2260 3950 2457 4016 Africa,
2479 3959 2535 4001 et
2559 3951 2610 4000 in
2633 3950 2838 4001 Italiam
2865 3951 3014 4016 traji-

872 4033 967 4090 cit,
986 4031 1184 4082 accitus
1208 4030 1373 4080 literis
1396 4031 1562 4089 Fabii,
1585 4032 1672 4096 qni
1697 4031 1796 4097 ipsi
1821 4039 1875 4083 et
1895 4034 2110 4098 collegas
2128 4025 2260 4100 ejus,
2282 4033 2360 4083 Μ.
2382 4033 2547 4084 Atilio
2575 4032 2790 4098 Regulo,
2812 4034 3018 4083 exerci-

874 4121 985 4163 tum
1010 4123 1177 4174 auum,
1201 4111 1329 4162 duas
1353 4111 1565 4179 utrique
1604 4114 1856 4176 legiones,
1879 4114 2059 4164 tradit.
2123 4117 2206 4166 32.
2242 4115 2489 4166 Consules
2529 4114 2728 4164 artibus
2767 4114 3015 4166 Fabianis

874 4209 992 4244 cum
1014 4208 1210 4244 summa
1232 4195 1372 4244 inter
1393 4209 1450 4244 se
1488 4195 1771 4245 concordia
1803 4195 1994 4246 bellum
2019 4204 2223 4260 gerunt,
2261 4203 2316 4246 et
2352 4195 2617 4247 Hannibal
2653 4196 2827 4260 inopia
2867 4211 3019 4260 paene

875 4275 1079 4341 cogitur
1096 4275 1317 4328 Galliam
1336 4281 1598 4341 repetere.
1667 4275 2006 4344 Neapolitani
2041 4278 2242 4344 legatos
2281 4277 2500 4330 Romam
2535 4278 2752 4330 mittunt
2781 4291 2900 4330 cum
2927 4291 3017 4331 ιι..
