3300 5225
998 480 1141 531 mn.
1188 480 1397 531 xxu.
1444 480 1607 532 car.
1648 462 1759 533 16.
2306 468 2478 535 1⁷97

286 622 574 706 occidit3
617 623 962 708 extemplo
1000 630 1365 711 occupatus
1396 624 1758 690 certamine
1801 629 1905 690 est
1933 624 2260 706 animus!
2294 628 2480 693 exci-

282 725 654 812 deruntque
682 734 1026 812 praecepta
1054 727 1425 806 dictatoria,
1452 728 1592 811 qui,
1622 731 1944 811 quantum
1977 735 2126 794 tuto
2145 737 2198 781 ¹⁹
2225 734 2477 814 posset,

278 850 709 915 progressum
765 830 955 915 prius
1021 830 1321 915 recipere
1369 850 1519 897 sese
1569 831 1895 915 jusserat,
1949 851 2152 916 qnam
2199 834 2270 897 in
2321 852 2478 899 con-

278 938 586 1018 spectum
613 933 910 999 hostium
942 934 1211 999 veniret.
1302 932 1650 1014 Numidae,
1695 932 1812 999 alii
1863 939 2070 1018 atque
2098 934 2219 1001 alii
2247 956 2480 1003 occur-

280 1043 510 1102 santes
537 1035 1100 1121 refugientesque,
1138 1035 1227 1102 ad
1272 1042 1498 1103 castra
1545 1054 1760 1121 prope
1791 1038 2014 1121 ipsum
2057 1058 2209 1103 cum
2240 1037 2482 1123 fatiga·

280 1140 465 1205 tione
494 1158 818 1225 equorum
849 1148 1057 1225 atque
1084 1139 1435 1206 hominum
1464 1148 1870 1225 pertraxere.
1935 1140 2108 1206 Inde
2142 1140 2481 1223 Carthalo,

280 1262 491 1327 penes
519 1262 714 1328 quem
744 1262 1011 1309 summa
1040 1244 1370 1329 equestris
1394 1244 1666 1328 imperii
1695 1249 1863 1323 erat,
1895 1244 2250 1309 concitatis
2280 1246 2480 1331 equis

282 1346 621 1426 invectae,
650 1366 800 1411 cum
830 1347 1039 1432 prius,
1076 1366 1279 1432 quam
1311 1345 1397 1412 ad
1430 1346 1808 1432 conjectum
1850 1345 1964 1411 teli
1993 1346 2268 1427 veniret,
2298 1367 2484 1413 aver-

284 1448 801 1529 tissethostetn}
820 1450 1117 1537 quinque
1140 1450 1355 1516 millia
1377 1449 1581 1515 ferme
1602 1449 1967 1515 continenti
1990 1470 2186 1515 cursu
2210 1457 2480 1517 secutus

284 1559 391 1617 est
419 1551 780 1635 fugientes.
870 1551 1251 1631 MancinuS,
1298 1560 1654 1639 postquam
1697 1572 1820 1618 nec
1867 1550 2124 1618 hostem
2156 1554 2482 1621 desistere

285 1656 508 1740 sequi,
548 1674 675 1719 nec
720 1674 911 1738 spem
952 1655 1119 1721 vidit
1163 1654 1523 1739 effugiendi
1574 1674 1755 1734 esse,
1803 1657 2194 1722 cohortatus
2225 1678 2386 1724 snos
2415 1660 2486 1723 in

285 1758 600 1840 praelinm
647 1757 871 1830 rediit,
917 1758 1099 1823 omni
1138 1765 1325 1842 parte
1356 1758 1596 1825 virium
1634 1759 1873 1843 impar.
1961 1759 2200 1845 Itaque
2232 1762 2382 1845 ipse
2411 1767 2486 1826 et

284 1859 523 1926 delecti
550 1861 847 1946 equitum
879 1860 1309 1925 circumventi
1338 1860 1759 1928 occiduntur.
1846 1859 2074 1929 Ceteri
2102 1862 2314 1930 effuso
2345 1884 2483 1929 rur-

285 1982 399 2028 sus
430 1982 629 2030 cursu
661 1961 860 2028 Caies
887 1964 1193 2048 primum,
1238 1962 1393 2028 inde
1422 1981 1631 2047 prope
1659 1962 1862 2029 inviis
1891 1962 2184 2029 callibus
2229 1966 2315 2031 ad
2343 1966 2486 2033 dic·

285 2073 570 2132 tatorem
612 2066 1071 2149 perfugerunt.
1161 2066 1263 2130 Eo
1292 2064 1461 2131 sorte
1494 2065 1605 2131 die
1636 2064 1982 2133 Minucius
2037 2088 2114 2135 se
2159 2068 2484 2154 conjunx-

288 2178 435 2235 erat
486 2168 728 2247 Fabio,
785 2170 1031 2234 missus
1075 2168 1164 2234 ad
1217 2168 1609 2235 firmandum
1662 2170 1980 2254 praesidio
2031 2174 2305 2252 saltum,
2363 2172 2488 2259 qni

289 2292 365 2338 su
372 2292 493 2357 per
518 2270 981 2351 Tarracinam,
1010 2272 1083 2337 in
1112 2278 1331 2338 arctas
1364 2281 1649 2339 coactns
1675 2272 1936 2354 fauces,
1967 2275 2264 2341 imminet
2291 2276 2484 2357 mari,

288 2394 371 2441 ne
400 2374 747 2442 immunito
773 2374 1029 2460 Appiae
1078 2375 1297 2440 limite
1322 2372 1421 2414 ²⁰¹²
1463 2374 1720 2443 Poenns
1768 2378 2122 2462 pervenire
2155 2378 2224 2443 in
2253 2398 2486 2462 agrum

291 2477 673 2544 Romanum
708 2484 955 2562 posset.
1044 2476 1437 2564 Conjnnctis
1481 2478 1892 2545 exercitibus
1921 2479 2212 2546 dictator
2231 2500 2316 2547 ac
2345 2500 2488 2546 ma—

292 2584 491 2666 gister
511 2582 805 2668 equitum
836 2586 1055 2648 castra
1085 2582 1153 2646 in
1185 2581 1364 2648 viam
1396 2581 1728 2662 defernnt,
1766 2602 1905 2668 qna
1949 2582 2296 2650 Hannibal
2324 2583 2486 2650 duc-

290 2694 485 2751 turus
517 2693 686 2750 erat.
775 2687 932 2751 Duo
958 2684 1113 2750 inde
1142 2685 1347 2751 millia
1376 2684 1605 2755 hostes
1629 2687 1928 2751 aberant.

376 2790 485 2856 16.
532 2791 821 2854 Postero
854 2789 965 2854 die
998 2787 1223 2867 Poeni,
1274 2787 1454 2872 quod
1504 2789 1634 2855 viae
1679 2789 1850 2854 inter
1881 2790 2039 2855 bina
2070 2796 2295 2855 castra
2321 2797 2488 2870 erat,

296 2893 558 2974 agmine
590 2893 1031 2976 complevere.
1121 2891 1291 2958 Cum
1335 2891 1630 2956 Romani
1678 2892 1801 2957 sub
1849 2893 2002 2976 ipso
2033 2893 2490 2958 constitissent

295 2995 505 3074 vallo,
554 2993 734 3060 haud
780 2995 985 3061 dubie
1030 2995 1327 3078 oeqniore
1374 2995 1556 3074 loco,
1604 2997 1938 3061 successit
1974 3004 2198 3062 tamen
2231 2995 2490 3061 Poenua

296 3117 444 3164 cum
497 3098 840 3185 expeditis
890 3099 1274 3183 equitibus:
1331 3105 1532 3184 atque
1584 3096 1673 3163 ad
1717 3097 2183 3165 lacessendum
2223 3097 2490 3164 h'ostem

350 3279 385 3324 s
409 3282 593 3334 satim
618 3282 826 3333 Hostilii
851 3281 1069 3332 Mancini
1089 3279 1300 3330 animant
1320 3279 1497 3330 inruit
1518 3280 1663 3330 ardor
1682 3279 1885 3332 ineundi
1902 3281 2192 3332 certaminis.

359 3357 388 3390 1
422 3347 733 3398 Romanuin
745 3348 924 3411 sugam
946 3348 1186 3398 vertisset.

1209 3471 1579 3498 ΝΟΜ

294 3577 553 3643 pion-atores
582 3591 660 3626 reo
683 3577 838 3626 relata
872 3576 1037 3627 Fabio.
1038 3579 1167 3626 -18
1202 3573 1286 3628 ΑΙ.
1312 3577 1567 3628 Falernum
1594 3591 1625 3625 a
1649 3574 1892 3640 Campano
1911 3589 2028 3638 ‹eg-ro
2047 3574 2242 3625 dividit.
2245 3577 2374 3625 -19
2408 3573 2494 3626 ΑΙ.

299 3645 383 3757 {¹2³2}
386 3647 681 3759 ww:
688 3643 871 3759 032?
884 3641 2498 3772 122223320023.2¹:²¹3·ffl³2::„201222·33“5;;.252':312⁴22‘5

302 3773 725 3903 Rulmexpeditu
751 3837 1073 3904 equitibusque
1103 3836 1299 3890 rectius
1329 3835 1467 3888 forte
1498 3835 1686 3903 optimi
1715 3836 1849 3887 Mar.
1878 3835 2022 3901 prob·
2048 3833 2261 3887 Stroth!
2291 3835 2497 3900 Rupert-

1298 3985 1517 4038 NOTAE

365 4086 391 4122 Β
425 4087 506 4138 Νι
540 4085 790 4136 immunito
830 4084 1006 4150 Appia
1048 4084 1225 4149 linnite]
1258 4085 1357 4135 Via
1438 4100 1553 4153 qnae
1577 4098 1739 4150 snpra
1761 4081 2110 4138 Tarracinam,
2127 4079 2376 4146 presidiis
2393 4081 2495 4132 Ro·

303 4164 478 4228 Appia
505 4165 571 4214 ab
610 4164 740 4214 urbe
778 4177 873 4228 per
908 4163 1043 4213 Latii
1084 4163 1357 4226 maritima,
1438 4176 1707 4214 manorum
1730 4169 2012 4225 occupatas
2035 4159 2214 4216 fuisse,
2251 4173 2318 4209 ne
2346 4159 2390 4208 si
2413 4157 2496 4208 hic

302 4241 613 4303 sinuessam,
650 4247 705 4289 et
740 4239 793 4288 in
830 4239 1201 4303 Campaniam
1234 4239 1358 4290 inde
1438 4241 1538 4291 vioe
1560 4239 1746 4304 Appiae
1767 4237 1932 4294 limes,
1965 4237 2052 4302 qni
2088 4237 2416 4287 Tarracinam
2440 4243 2496 4287 et

302 4318 355 4366 in
382 4317 621 4381 Apuliam
646 4324 701 4368 et
718 4317 1067 4367 Brundusium
1086 4331 1245 4382 usque
1263 4316 1357 4367 dn·
1438 4317 1733 4366 Sinuessam
1778 4313 2069 4379 interjacet,
2106 4319 2320 4378 apertus
2358 4312 2496 4362 hosti

310 4393 483 4444 nebat.
530 4393 854 4462 vultitaque
884 4393 1059 4446 uvius
1081 4394 1362 4459 angustias,
1439 4399 1696 4458 maneret,
1716 4399 1873 4458 atque
1890 4390 2152 4446 Hannibal
2191 4403 2287 4456 per
2305 4403 2417 4442 eam
2444 4393 2498 4441 in
