3300 5225
1193 542 1345 591 ΜΒ.
1409 540 1585 591 xxi.
2310 522 2487 598 1653
2536 525 2543 533 '

341 686 740 752 exercitumque
783 684 1078 750 accepisset
1119 690 1156 735 a·
1188 684 1388 735 Manlio
1430 692 1492 735 et
1530 682 1697 735 Atilio
1738 682 1976 747 tironem,
2015 691 2241 750 occupat
2282 684 2485 736 Padum

341 767 608 832 trajicere,
641 774 696 817 et
729 766 796 816 ad
835 766 1074 816 Ticinum
1113 779 1316 816 amnem
1351 772 1528 816 movet
1564 772 1753 827 castra,
1783 764 1873 815 ubi
1908 766 2173 816 exercitus
2204 766 2485 819 Poenorum

341 849 798 911 Remorumque
845 846 956 913 jam
1007 847 1060 897 in
1103 853 1388 911 conspectu
1429 852 1572 897 sunt.
1653 850 1739 897 40.
1783 850 1867 897 41.
1917 846 2243 899 Adhortatur
2293 850 2485 900 milites

339 944 488 981 suos.
566 932 750 980 48-44.
783 928 930 980 Idem
967 926 1100 981 facit
1139 928 1426 994 Hannibal,
1457 930 1603 982 edito
1647 931 1791 997 prius
1834 931 2119 981 certamina
2160 931 2483 997 captivorum

339 1017 726 1062 montanorum·

277 1096 358 1145 44.
389 1092 572 1159 Scipio
605 1092 840 1143 Ticinum
879 1099 1038 1158 ponte
1075 1092 1294 1158 trajicit,
1326 1098 1380 1144 et
1419 1107 1526 1144 nou
1565 1093 1720 1159 longe
1752 1109 1783 1144 a
1806 1093 2121 1145 Victumulis
2155 1094 2397 1146 considet
2428 1094 2483 1146 iu

339 1188 470 1241 agro
494 1172 812 1232 Insubrium,
835 1174 922 1225 ubi
945 1174 1208 1226 Hannibal
1243 1184 1416 1226 castra
1447 1174 1621 1233 habet,
1659 1182 1719 1227 et
1750 1177 1967 1240 prsemia
1999 1175 2106 1227 suis
2127 1176 2336 1242 juratus
2366 1191 2486 1241 pro·

337 1254 569 1307 nuntiat.
632 1258 718 1307 46.
754 1254 1008 1320 Prodigia
1035 1256 1089 1306 in
1123 1258 1313 1307 castris
1339 1256 1490 1308 Rom.
1511 1262 1568 1307 et
1590 1271 1764 1323 pugna
1785 1258 2043 1323 equestris
2063 1257 2129 1308 ad
2148 1258 2406 1320 Ticinum,
2430 1258 2483 1307 in

339 1352 446 1405 qua
481 1336 720 1401 superior
757 1347 838 1387 est
875 1336 1164 1403 Hannibal,
1199 1345 1254 1388 ot
1285 1338 1465 1403 Scipio
1489 1340 1791 1389 vulneratus
1812 1338 2111 1390 intercursu
2134 1346 2239 1389 tum
2262 1338 2485 1405 primum

341 1418 681 1484 pubescentis
713 1416 809 1468 filii
847 1425 1101 1469 servatur.
1164 1422 1248 1470 47.
1281 1418 1500 1469 Romani
1540 1419 1616 1469 cis
1651 1418 1854 1470 Padum
1878 1419 2265 1484 regrediuntur,
2288 1427 2343 1469 et
2364 1433 2483 1483 per·

337 1500 559 1551 veniunt
580 1498 947 1563 Placentiam3
981 1514 1082 1565 quo
1115 1505 1172 1551 et
1210 1500 1360 1550 Poeni
1387 1500 1729 1550 contendunt.
1796 1503 1881 1551 48.
1916 1500 2059 1551 Galli
2082 1500 2357 1551 auxiliares
2382 1501 2485 1551 Ro·

338 1595 611 1631 manorum
635 1580 701 1630 ad
723 1580 912 1631 Poeuos
936 1580 1302 1646 transfingiuut,
1326 1590 1384 1632 et
1401 1582 1602 1648 Scipio,
1621 1580 1868 1632 Trebiam
1900 1587 2271 1647 transgressus,
2293 1582 2483 1645 locum,

337 1663 428 1728 qui
463 1676 633 1727 prope
665 1660 854 1713 flumen
893 1664 1184 1713 tutissimus
1205 1662 1409 1715 stativis
1431 1669 1513 1713 est
1537 1662 1696 1725 risus,
1718 1662 1978 1714 delectum
2002 1665 2303 1725 communit,
2326 1664 2485 1713 colle-

338 1758 421 1807 3ae
457 1744 740 1794 adveutum
775 1744 1073 1809 opperiens.
1137 1744 1258 1796 Nec
1293 1744 1472 1809 procul
1509 1743 1630 1793 inde
1654 1742 1917 1794 Hannibal
1950 1742 2207 1807 considet,
2230 1750 2287 1795 et
2306 1744 2483 1809 prodi·

339 1826 486 1877 tione
518 1826 662 1891 capit
684 1826 992 1878 Clastidium
1015 1827 1206 1890 vicum,
1225 1840 1328 1893 quo
1361 1840 1607 1891 magnum
1643 1823 1896 1875 frumenti
1920 1838 2189 1875 numerum
2212 1840 2479 1891 congesse-

339 1912 462 1957 rant
484 1906 725 1959 Romani.

272 1992 356 2039 49.
387 1992 471 2037 5⁰.
505 1987 724 2040 Interim
741 1988 1072 2053 Sempronius
1091 1988 1291 2052 consul,
1324 1986 1390 2037 ab
1425 1986 1663 2037 Hierone
1696 2000 1821 2050 rege
1842 1985 2072 2051 adjutus,
2093 1988 2233 2039 circa
2251 1986 2480 2039 Siciliam

339 2084 424 2123 res
457 2082 710 2135 prospere
747 2072 904 2135 gerit,
935 2075 995 2121 et
1025 2070 1220 2121 Poeuos
1255 2069 1386 2120 mari
1411 2069 1574 2119 vincit
1595 2069 1661 2119 ad
1686 2068 1993 2135 Lilybaeum.
2056 2073 2142 2122 ⁵1.
2173 2070 2305 2119 Tum
2326 2068 2483 2121 Meli·

338 2158 447 2203 tam
486 2152 660 2217 capit=
695 2152 786 2203 sed
825 2166 965 2215 mox,
999 2152 1172 2202 literis
1199 2159 1411 2202 senatus
1435 2152 1488 2203 in
1511 2150 1721 2201 Italiam
1742 2158 2039 2209 revocatus,
2059 2150 2165 2200 Sex
2187 2150 2481 2215 Pomponio

337 2234 517 2301 legato
538 2241 596 2286 et
615 2234 694 2285 M.
715 2234 919 2285 IEmilio
942 2233 1152 2300 praetori
1185 2233 1417 2285 Siciliam
1441 2232 1856 2298 maritimamque
1881 2231 2049 2282 Italia
2070 2246 2211 2282 oram
2234 2230 2482 2282 classibus

338 2316 588 2367 tuendam
623 2316 892 2378 attribuit3
926 2322 983 2366 et
1015 2316 1129 2381 ipse
1164 2330 1281 2366 cum
1303 2316 1543 2366 exercitu
1565 2330 1657 2365 suo
1680 2314 1902 2365 navibus
1926 2312 2232 2380 Ariminum,
2252 2313 2481 2379 indeque

339 2404 486 2450 terra
505 2397 574 2447 ad
593 2397 838 2450 Trebiam
859 2395 1050 2449 flumen
1076 2396 1238 2449 venit.
1301 2401 1383 2448 62.
1415 2396 1500 2448 lbi
1523 2411 1675 2459 opem
1700 2395 2035 2461 poscentibus
2056 2394 2242 2453 Gallis,
2264 2408 2480 2461 quorum

337 2494 492 2543 agros
515 2480 656 2531 inter
674 2478 876 2530 Padum
901 2486 958 2530 et
976 2478 1218 2531 Trebiam
1239 2478 1392 2531 Poeni
1417 2479 1758 2546 populantur,
1780 2478 1975 2530 auxilio
2008 2476 2173 2529 mittit
2195 2478 2480 2543 equitatum

335 2575 506 2620 sunm,
540 2561 631 2628 qui
675 2561 858 2628 praelio
899 2576 1018 2613 cum
1058 2561 1292 2613 hostibus
1332 2562 1606 2613 commisso
1649 2560 1887 2626 superior
1924 2558 2154 2609 excedit.
2220 2562 2303 2609 6³.
2340 2556 2480 2607 Hinc

335 2641 562 2696 ferocior
579 2641 748 2694 factus
759 2643 1116 2709 Sempronius,
1137 2645 1534 2710 stimulatusque
1553 2649 1664 2693 tum
1689 2641 1979 2708 propinquo
2001 2641 2323 2693 comitiorum
2348 2646 2480 2691 tem·

335 2739 491 2790 pore,
521 2731 634 2776 tum
673 2739 768 2792 spe
803 2726 858 2776 in
895 2740 954 2776 se
987 2740 1144 2777 unum
1168 2726 1434 2776 vertenda
1470 2726 1674 2791 gloriae,
1694 2724 1817 2775 dum
1848 2737 1988 2788 eger
2008 2730 2149 2773 esset
2170 2722 2392 2787 collega,
2414 2735 2480 2772 eo

335 2806 680 2874 nequicquam
713 2805 1076 2873 dissentIente,
1113 2821 1343 2874 pugnam
1378 2819 1655 2858 conserere
1688 2819 1791 2856 non
1815 2805 2000 2866 miuus,
2022 2817 2173 2869 quam
2196 2802 2483 2866 Hannibal,

337 2889 521 2952 gestit.
587 2891 672 2939 64.
701 2889 864 2954 Mago
883 2890 1055 2940 locum
1077 2888 1275 2941 insidiis
1296 2896 1474 2954 aptum
1500 2887 1724 2950 insidet;
1749 2887 1798 2938 N
1804 2885 1991 2936 umidae
2009 2899 2152 2945 vero,
2170 2885 2479 2949 transgressi

335 2969 601 3033 Trebiam,
631 2968 984 3036 obequitando
1016 2971 1364 3022 Romanorum
1401 2969 1589 3021 castris
1625 2983 1717 3019 eos
1754 2967 1879 3018 inde
1916 2967 2149 3030 eliciunt,
2182 2963 2480 3032 ceduntque

335 3050 750 3118 insequentibus,
773 3051 960 3118 quibus
981 3049 1174 3102 flumen
1209 3050 1594 3103 transeuntibus
1629 3063 1873 3114 corpora,
1911 3061 2013 3098 uon
2051 3057 2173 3097 ante
2206 3053 2390 3098 curata
2423 3053 2483 3096 et

336 3133 460 3198 gelu
501 3131 731 3198 rigentia
769 3139 999 3199 torpent.
1062 3138 1146 3184 ὄσ.
1175 3131 1364 3197 Pugna
1399 3130 1464 3182 ad
1503 3129 1749 3181 Trebiam
1788 3128 1983 3180 editur.
2062 3133 2147 3179 66.
2181 3127 2482 3178 Vincuntur

333 3213 580 3280 Romani,
613 3222 670 3265 et
702 3215 806 3266 duo
839 3215 1107 3266 exercitus
1155 3217 1451 3268 consulares
1494 3213 1825 3264 Placentiam
1858 3211 2271 3277 Cremonamque
2302 3205 2484 3261 coufu-

337 3293 512 3358 giunt-

272 3380 357 3428 67.
387 3376 572 3428 Romus
607 3376 926 3442 trepidatur,
961 3381 1312 3444 creanturque
1335 3365 1572 3428 consules
1605 3375 1666 3428 c.
1706 3373 1987 3426 flaminius
2012 3373 2195 3439 Nepos
2217 3385 2280 3423 ιι.
2301 3377 2359 3423 et
2382 3371 2480 3422 Cn.

333 3457 590 3509 Servilius
611 3458 878 3510 Geminus.
943 3459 1210 3525 Hybernoe
1245 3458 1608 3524 expeditiones
1636 3455 1964 3509 Hannibalis.
2028 3459 2111 3505 58.
2145 3453 2203 3504 Is
2224 3454 2289 3503 ad
2312 3453 2482 3518 prima

337 3539 478 3590 veris
519 3539 671 3604 signa
708 3539 762 3590 iu
795 3539 1057 3591 Etruriam
1097 3537 1474 3605 proficiscitur;
1507 3537 1600 3590 sed
1625 3538 1938 3589 transiturus
1961 3535 2292 3601 Apenninum
2311 3533 2481 3586 atroci

337 3633 459 3671 cnm
484 3625 800 3685 tempestate
829 3617 1179 3685 conflictatur,
1202 3635 1302 3687 qua
1337 3621 1520 3686 ingens
1540 3621 1827 3678 bominum,
1838 3619 2212 3683 jumentorum,
2232 3615 2477 3680 elephan-

339 3703 612 3768 torumque
647 3701 932 3753 multitudo
967 3702 1268 3754 absumitur.
1332 3707 1413 3754 59.
1449 3701 1638 3767 Itaque
1680 3711 1821 3751 retro
1856 3700 1919 3749 ad
1954 3699 2280 3750 Placentiam
2304 3704 2482 3750 castra

333 3789 534 3845 movet,
575 3783 869 3849 iterumque
908 3797 1026 3834 cnm
1067 3781 1376 3848 Sempronio
1411 3779 1653 3846 confligit
1696 3789 1751 3832 et
1788 3795 1936 3848 equo
1968 3781 2165 3832 Marte.
2226 3779 2355 3830 'l'um
2390 3777 2479 3829 liic

337 3863 534 3914 Lucam
557 3863 820 3929 concedit,
857 3872 913 3916 et
949 3863 1038 3915 ille
1070 3864 1122 3915 in
1157 3865 1389 3930 Ligures,
1417 3864 1508 3932 qui
1545 3864 1595 3915 ei
1624 3863 1825 3916 nobiles
1856 3863 2051 3930 aliquot
2082 3863 2343 3914 Romanos
2380 3873 2478 3925 per

334 3945 548 3996 insidias
574 3946 897 4012 interceptos
919 3946 1149 3998 tradunt.

273 4031 355 4078 tio.
384 4027 529 4079 Dum
563 4029 676 4079 baec
707 4029 763 4078 iu
797 4028 953 4081 Italia
981 4034 1249 4094 geruntur,
1283 4027 1382 4080 Cn.
1415 4027 1685 4080 Cornelius
1709 4027 1889 4094 Scipio
1910 4027 1961 4078 in
1984 4023 2263 4092 Hispania,
2284 4037 2480 4074 orsusa

334 4107 639 4172 Lacetanis,
653 4122 858 4160 omnem
878 4123 1022 4160 oram
1045 4123 1210 4175 usque
1231 4107 1296 4159 ud
1317 4108 1528 4161 Iberum
1550 4108 1605 4161 fl.
1627 4111 1879 4162 Romana>
1902 4108 2033 4159 facit
2049 4106 2295 4166 ditionis3
2327 4104 2476 4156 Han·

337 4203 529 4240 nonem
552 4189 734 4248 vincit,
756 4191 1032 4258 vivumque
1055 4191 1202 4256 capit
1221 4205 1341 4242 cnm
1364 4192 1562 4260 aliquot
1585 4191 1939 4259 principibus3
1970 4199 2025 4240 et
2044 4188 2255 4240 scissim
2279 4200 2478 4252 expug-

337 4277 448 4322 nat.
514 4275 598 4322 61.
629 4271 930 4324 Hasdrubal
958 4287 1060 4324 non
1094 4273 1254 4323 audet
1287 4273 1338 4323 ei
1369 4274 1571 4325 obviam
1604 4275 1718 4336 ire;
1754 4273 1848 4324 sed
1882 4272 2016 4330 loca,
2045 4269 2115 4322 ab
2148 4269 2241 4320 iilo
2275 4269 2478 4328 relicta,

339 4351 554 4403 Iberum
597 4353 872 4420 aliquoties
921 4362 1292 4419 transgressus,
1326 4361 1516 4418 vastat,
1559 4362 1616 4406 et
1659 4354 1869 4405 navales
1907 4353 2251 4403 Romanorum
2290 4351 2478 4415 socios,

345 4431 484 4483 baud
523 4435 705 4500 procul
741 4435 1041 4487 Tarracone
1063 4444 1332 4501 vagantes,
1353 4436 1619 4503 opprimit.
1685 4436 1863 4503 Scipio
1886 4434 2142 4501 llos-getes
2164 4431 2479 4484 Ausetanos-
