3300 5225
867 526 1074 577 mslu
1125 526 1270 577 xx.
1315 526 1965 579 surrnsuswruu.
2350 514 2525 582 1631

298 671 576 753 venitque
603 668 812 732 eodem
838 671 910 731 L.
937 671 1303 744 Postumius,
1327 672 1428 752 qui
1456 670 1773 733 Brundisio
1790 673 2197 757 transjecerat,

295 788 432 829 cum
475 768 848 849 pedestribus
883 769 1102 850 copiis:
1145 769 1412 851 peditum
1452 767 1531 829 ad
1563 769 1772 849 viginti
1796 770 1989 831 millia
2006 780 2199 843 erant,

292 866 562 946 equiturn
603 865 744 926 duo.
843 864 1154 927 Romanos
1195 865 1604 948 Apolloniatae
1647 866 1865 947 cupide
1902 888 2199 950 recepere,

291 982 474 1044 seque
501 962 646 1024 fidei
671 963 906 1024 illorum
932 962 1248 1025 tradidere.
1330 963 1442 1024 Ab
1465 964 1580 1024 hac
1607 961 1860 1025 liberata
1894 966 2093 1025 statim
2122 964 2199 1025 ad

294 1059 750 1141 Dyrrhachium
789 1060 953 1121 itum.
1037 1060 1117 1121 Id
1161 1080 1398 1141 quoque
1443 1059 1855 1121 Romanorum
1900 1061 2201 1143 extemplo

289 1160 546 1233 factum,
583 1158 662 1220 ad
699 1159 919 1221 famam
957 1159 1326 1220 advenientis
1367 1158 1663 1219 exercitus
1699 1157 1945 1239 dilapsis
1980 1179 2199 1240 pavore

291 1256 552 1338 Illyriis,
587 1258 694 1338 qui
733 1255 998 1317 obsidere
1045 1256 1250 1317 urbem
1295 1264 1610 1336 coeperant.
1695 1254 1927 1316 Eodem
1973 1256 2197 1337 impetu

289 1374 436 1435 gens
479 1352 880 1435 Ardyaeorum
903 1352 982 1413 ad
1007 1350 1368 1413 deditionem
1393 1360 1603 1413 coacta
1627 1361 1751 1412 est:
1794 1360 2198 1433 veneruntque

289 1450 369 1511 ab
411 1449 694 1511 ulteriore
731 1448 982 1530 Illyrico
1017 1449 1197 1529 legati
1221 1449 1518 1508 variarum
1554 1449 1883 1519 nationum,
1910 1450 2200 1531 imperata

287 1546 558 1609 facturos
573 1567 709 1624 suos
731 1546 1006 1628 polliciti,
1025 1548 1076 1605 si
1101 1546 1162 1605 in
1189 1545 1512 1605 amicitiam
1531 1545 1918 1625 recipiantur:
1962 1566 2041 1606 ex
2061 1546 2195 1628 qui-

289 1643 402 1704 bus
447 1642 729 1705 Parthini
772 1643 1033 1715 fuerunt,
1069 1651 1132 1703 et
1171 1640 1512 1701 Atintanes.
1595 1640 1907 1702 Plurimus
1949 1641 2027 1703 ad
2067 1643 2195 1704 haec
2250 1665 2467 1732 Appium.

291 1760 432 1801 ustis
459 1738 750 1801 Demetrii
775 1739 990 1801 Pharii
1015 1738 1150 1810 fuit,
1176 1739 1282 1820 qui
1307 1758 1346 1797 a
1369 1735 1713 1798 consulibus
1734 1737 2194 1811 circumductus,
2218 1729 2402 1846 ugia
2448 1806 2499 1847 et

289 1836 473 1897 robur
513 1845 579 1896 et
616 1834 794 1897 fidem
830 1836 1243 1898 Romanorum
1277 1833 1646 1906 extollendo,
1671 1833 1997 1916 Teutaeque
2031 1837 2195 1898 incu-
2216 1859 2388 1928 roffi,
2402 1832 2419 1849 '

289 1932 476 1993 nando
518 1936 910 1997 temeritatem
954 1944 1018 1995 et
1055 1932 1532 2002 inconstantiam,
1577 1930 1729 1991 alios
1769 1932 2092 1995 rationibus
2132 1943 2197 1995 et

291 2030 562 2103 consilio,
585 2030 734 2093 alios
773 2033 1122 2095 auctoritate
1161 2050 1270 2091 sua
1301 2029 1382 2092 ad
1415 2029 1759 2091 societatem
1785 2028 2195 2092 Romanorum

292 2124 648 2188 adducebat.

307 2272 312 2277 .
369 2228 474 2284 29.
517 2223 674 2285 Post
705 2224 836 2286 haec
873 2223 952 2285 ad
980 2223 1171 2287 Issam
1196 2242 1400 2285 cursus
1429 2221 1762 2283 institutus:
1809 2230 1870 2282 et
1898 2223 2048 2285 inter
2086 2243 2192 2285 ua-

291 2319 616 2399 vigandum
649 2322 852 2383 multis
883 2322 1031 2385 locis
1051 2322 1430 2383 exscensione
1454 2319 1638 2391 facta,
1666 2317 1949 2401 pleraque
1972 2320 2195 2403 oppida

290 2416 408 2477 levi
452 2419 689 2497 negotio
721 2428 904 2501 capta
937 2428 1090 2480 sunt.
1173 2416 1404 2480 Nutria
1435 2424 1669 2477 strenue
1706 2416 1785 2477 ab
1821 2415 2049 2499 Illyriis
2086 2417 2191 2479 de·

289 2511 458 2575 sensa
500 2524 612 2587 est,
657 2517 960 2598 multoque
1003 2516 1286 2596 sanguine
1325 2514 1590 2577 constitit
1625 2513 1898 2585 victoria,
1940 2514 2193 2576 tribunis

287 2611 472 2672 etiam
496 2613 875 2693 quibusdam,
901 2624 962 2675 et
985 2623 1274 2696 quaestore
1302 2610 1665 2673 desideratis.
1747 2610 1941 2691 Cujus
1978 2615 2063 2674 rei
2104 2613 2187 2674 le-

285 2709 512 2770 viorem
551 2709 815 2771 dolorem
853 2709 1122 2772 fecerunt
1159 2709 1340 2771 lembi
1379 2709 1612 2788 viginti,
1642 2728 1793 2788 quos
1823 2729 1961 2770 cum
1990 2709 2195 2790 praeda

283 2813 349 2866 et
388 2808 648 2886 pecunia
685 2828 764 2867 ex
806 2807 1224 2890 Peloponneso
1255 2808 1558 2868 venientes
1592 2804 1857 2866 Romani
1884 2827 2188 2888 excepere.
2214 2831 2327 2882 Dio.

284 2901 426 2962 Jam
466 2901 546 2962 ad
587 2903 778 2964 Issam
803 2913 1042 2966 ventum
1065 2913 1214 2965 erat.
1298 2903 1424 2975 Ibi,
1450 2902 1695 2984 perinde
1720 2911 1787 2964 ut
1811 2902 1888 2963 ad
1920 2902 2190 2984 Dyrrha·
2210 2931 2461 3000 Polybius.

281 2999 488 3060 chium
531 3001 852 3074 acciderat,
879 3000 1134 3062 adventu
1175 3000 1470 3061 Romanae
1504 2999 1711 3060 classis
1742 2999 1973 3060 obsidio
1996 3000 2193 3061 soluta

283 3105 398 3168 est,
417 3095 654 3158 diversa
685 3099 749 3158 in
791 3097 926 3158 loca
964 3098 1412 3177 diffugientibus
1442 3097 1735 3169 barbaris,
1768 3105 1981 3178 preter
2018 3097 2189 3159 Pha-

281 3195 427 3267 rios,
470 3197 575 3275 qui
625 3197 688 3255 in
738 3197 988 3276 gratiam
1035 3196 1351 3270 Demetrii,
1397 3195 1562 3278 quod
1605 3217 1685 3260 ex
1736 3196 1945 3258 eadem
1998 3197 2191 3260 insula

283 3302 470 3364 ortus,
495 3294 670 3373 eique
705 3294 816 3354 sub
853 3292 1099 3373 Agrone
1135 3294 1447 3376 praefectus
1479 3292 1695 3364 fuerat,
1724 3295 2069 3376 corporibus
2098 3315 2187 3356 re—

282 3391 516 3471 busque
558 3390 738 3452 salvis
777 3392 837 3452 in
863 3390 1040 3452 fidem
1065 3394 1298 3474 accepti
1321 3401 1476 3452 sunt.
1562 3389 1723 3452 Haec
1762 3390 1971 3452 audita
2004 3393 2187 3454 insta·

282 3486 471 3547 bilem
509 3486 718 3550 Teutae
765 3489 1024 3549 animum
1067 3491 1230 3550 varie
1273 3497 1601 3560 moverunt,
1643 3489 2067 3560 alternantibus
2110 3490 2183 3549 ti-

282 3583 465 3644 moris
513 3594 576 3645 et
625 3583 860 3647 fiduciae
909 3587 1121 3647 causis.
1206 3586 1376 3648 Nam
1428 3586 1580 3646 sicut
1623 3586 1837 3644 amissa
1880 3594 1945 3645 et
1986 3584 2185 3646 deleta

281 3680 532 3762 oppida,
557 3690 807 3743 vastatae
847 3684 1150 3743 maritimae
1189 3685 1476 3764 regiones,
1505 3682 1698 3742 ubivis
1730 3681 1951 3761 fugatae
1978 3681 2181 3762 Illyri·
2236 3701 2377 3752 οπο..
2392 3719 2467 3754 xv.

281 3797 452 3837 orum
475 3779 688 3859 copiae,
715 3787 934 3840 metum
959 3781 1015 3839 ei
1039 3781 1364 3840 maximum
1390 3781 1776 3848 incusserant3
1821 3779 1907 3838 ita
1925 3779 2181 3840 vicissim
2206 3770 2285 3818 ¹³·

277 3893 448 3956 spem
472 3874 662 3936 dabat
686 3874 1077 3937 Nutrinorum
1103 3877 1373 3950 audacia,
1401 3886 1462 3937 et
1485 3877 1809 3957 hybernum
1825 3876 1959 3953 jam
1998 3895 2180 3948 mare,
2202 3910 2317 3960 Dio.

277 3973 455 4050 cujus
495 3971 809 4032 formidine
837 3975 1074 4035 rebatur
1101 3973 1408 4036 Romanos
1431 3973 1551 4036 cito
1577 3971 1922 4053 repetituros
1944 3971 2181 4034 domum

278 4087 429 4127 eme.
515 4067 735 4150 Itaque
775 4068 1107 4132 Rhizonem
1150 4071 1430 4153 oppidum
1470 4069 1801 4148 cognomini
1845 4067 2025 4129 fluvio
2070 4070 2179 4130 im·
2196 4101 2370 4169 Polyb.

277 4166 540 4245 positum
583 4186 720 4226 cum
761 4167 964 4248 paucis
1003 4189 1066 4228 se
1111 4169 1382 4242 contulit,
1425 4176 1811 4250 expectatura
1861 4166 2179 4228 remedium

279 4261 444 4342 quod
488 4271 722 4344 tempus
758 4263 1010 4325 offerret.
1101 4264 1373 4328 Alebant
1408 4285 1628 4327 vanam
1672 4265 2005 4345 opinionem
2045 4274 2183 4324 ncta

278 4359 610 4432 consulum,
645 4361 770 4440 qui,
808 4360 1087 4444 pleraque
1120 4371 1286 4445 parte
1326 4363 1624 4445 regionum
1665 4381 1814 4443 quas
1850 4381 2175 4443 occupave-
