3300 5225
855 542 1062 594 mam
1115 542 1258 594 xx.
1304 543 1648 595 surum
1664 544 1948 595 aurun.
2334 526 2507 595 1619

267 684 412 759 alii,
437 686 541 768 qui
565 706 670 770 per
695 686 1032 749 Sardiniam
1062 690 1121 749 in
1157 688 1446 771 proesidiis
1471 698 1661 760 erant,
1693 688 2003 751 Bostarem
2032 684 2179 750 1³oe-

265 804 486 845 norum
525 786 738 847 ducem
791 806 928 846 cum
969 787 1090 847 suis
1135 786 1518 847 interfecere:
1578 786 1942 847 Hannonem
1998 786 2182 847 alium

263 880 490 941 ducem
531 881 610 943 ad
632 881 1058 943 vindicandum
1093 882 1324 944 facinus
1347 882 1709 963 Carthagine
1748 884 2007 955 missum,
2050 904 2181 965 per-

267 986 471 1039 tracto
497 979 558 1039 in
581 980 926 1040 societatem
959 979 1299 1041 rebellionis
1320 982 1586 1041 exercitu
1613 983 1767 1061 ejus,
1796 981 2177 1063 comprehen-

271 1093 414 1135 sum
459 1076 524 1135 in
547 1096 780 1136 crucem
807 1096 1015 1155 egere:
1056 1086 1302 1157 totaque
1327 1077 1542 1158 passim
1569 1077 1765 1137 insula
1794 1077 2017 1138 Punici
2044 1098 2179 1139 san-

267 1173 473 1251 guinis
497 1173 833 1234 hominibus
859 1174 1182 1235 interemtis
1209 1174 1320 1256 ipsi
1345 1176 1572 1235 munita
1598 1174 1733 1235 loca
1758 1176 2176 1237 obtinuerunt:

265 1268 492 1341 donec,
510 1268 811 1331 discordia
837 1270 992 1331 inter
1015 1272 1172 1351 ipsos
1195 1280 1258 1331 et
1282 1270 1502 1333 Sardos
1525 1280 1679 1343 orta,
1696 1272 1851 1355 pulsi
1876 1272 1955 1333 ab
1979 1274 2093 1345 his,
2120 1273 2179 1333 in

267 1362 527 1427 Italiam
549 1388 614 1427 se
649 1386 940 1450 recepere.
1021 1366 1178 1429 Tum
1219 1369 1394 1449 igitur
1437 1369 1827 1451 perfecerunt,
1861 1370 2021 1451 quod
2070 1370 2177 1431 ali-
2204 1392 2509 1461 Polyb.1.ss.

264 1472 504 1545 quanto
531 1464 710 1546 prius,
736 1483 872 1525 cum
897 1466 1092 1526 adhuc
1116 1466 1180 1526 in
1208 1464 1482 1527 Sardinia
1505 1476 1724 1540 essent,
1753 1470 2177 1549 nequiverant:

267 1580 414 1621 nam
439 1582 518 1623 eo
556 1582 794 1643 quoque
835 1570 1096 1644 tempore
1140 1562 1451 1625 Romanos
1491 1562 1570 1624 ad
1611 1564 1817 1625 insulae
1857 1564 2181 1627 dominium

265 1658 690 1741 occupandum
715 1658 1124 1722 invitaverant.
1209 1659 1333 1722 Sed
1359 1670 1695 1743 praesentes,
1729 1662 1853 1723 sive
1888 1664 2181 1745 precibus,

263 1756 400 1817 sive
423 1758 738 1817 occasione
761 1756 1059 1817 crescendi
1097 1758 1358 1839 apertius
1383 1756 1805 1831 demonstrata,
1830 1768 1899 1820 ut
1937 1760 1997 1819 in
2042 1758 2179 1821 Sar·
2204 1777 2507 1846 Ροιςωβῃ.

265 1852 506 1915 diniam
533 1854 834 1933 navigatio
858 1856 1265 1936 susciperetur,
1293 1855 1619 1916 obtinuere.
1704 1854 1845 1918 Nec
1870 1857 2025 1917 enim
2052 1856 2184 1919 vul-

267 1960 432 2030 gata:
457 1951 693 2012 virtutis
717 1960 830 2023 est,
872 1952 1165 2013 abstinere
1191 1952 1366 2013 rebus
1403 1952 1630 2025 alienis,
1673 1973 1918 2034 quarum
1950 1964 2183 2036 promta

261 2048 350 2107 sit
373 2048 703 2129 possessio:
747 2068 938 2129 neque
978 2048 1076 2109 hic
1103 2049 1332 2109 animus
1357 2048 1516 2130 apud
1545 2050 1793 2131 cupidos
1814 2060 1877 2111 et
1903 2052 2179 2113 ambitio-

266 2166 370 2207 sos
397 2156 508 2207 aut
531 2148 705 2218 bene,
749 2155 860 2208 aut
886 2146 988 2207 diu
1029 2146 1358 2210 simulatur.
1443 2144 1566 2207 Sed
1609 2147 1739 2209 haec
1780 2148 1960 2230 paulo
2006 2170 2184 2232 supra

267 2245 462 2327 repeti
489 2264 608 2306 non
634 2244 890 2304 alienum
914 2243 1174 2305 videtur.

353 2348 420 2403 ὅ.
437 2340 612 2401 Nam
631 2340 918 2413 Romani,
933 2351 1002 2402 ut
1026 2340 1408 2402 humanitatis
1421 2338 1655 2402 laudem
1670 2352 2178 2424 consequerentur,
2204 2348 2374 2400 zona.

269 2440 354 2501 ab
383 2439 558 2499 initio
583 2438 729 2499 belli
771 2438 938 2499 istius
977 2459 1192 2519 magno
1215 2440 1412 2499 animo
1439 2438 2009 2518 Carthaginiensium
2036 2461 2179 2503 cau-
2206 2446 2507 2516 Polybi-88·

269 2556 408 2596 sam
452 2535 742 2597 foverant..
827 2534 912 2596 Et
948 2537 1152 2619 copias
1184 2534 1426 2619 quidem
1473 2536 1809 2608 auxiliares,
1834 2539 1923 2598 uti
1954 2539 2177 2620 petive-
2232 2545 2510 2610 CornNep.

270 2644 416 2695 rant
443 2634 642 2706 Poeni,
691 2633 886 2696 nullas
917 2636 1158 2695 misere:
1217 2633 1321 2694 sed
1368 2653 1558 2714 neque
1606 2633 1945 2706 Uticenses,
1988 2656 2177 2716 neque
2200 2610 2503 2743 Ϊρῗζῗξ,

271 2751 622 2813 quenquam
643 2731 720 2792 ad
743 2753 808 2792 se
833 2730 1230 2794 deficientium
1249 2740 1628 2812 receperunt:
1672 2741 2023 2793 mercatores
2046 2753 2181 2794 suos
2202 2743 2511 2794 ratmot-in.

273 2850 356 2890 ex
387 2829 577 2890 Italia
599 2839 664 2890 et
687 2828 897 2891 Sicilia
921 2849 1014 2889 res
1037 2829 1394 2889 necessarias
1428 2827 1509 2888 ad
1535 2827 2057 2908 Carthaginienses
2079 2830 2184 2891 de-
2205 2809 2385 2939 {³33¹ss

270 2928 430 2988 ferre
448 2930 787 3009 jusserunt:
829 2946 964 2987 cum
991 2925 1257 2987 hostibus
1283 2925 1783 3006 Carthaginiensis
1806 2926 2011 3008 populi
2024 2947 2183 2988 com·
2206 2938 2421 3006 Appiam.

275 3025 565 3087 mercium
593 3033 942 3086 vetuerunt:
983 3023 1188 3084 militis
1212 3043 1290 3084 ex
1332 3022 1521 3084 Italia
1555 3023 1614 3084 in
1642 3022 1797 3084 istud
1820 3023 2031 3084 saltem
2056 3024 2185 3086 bel·

279 3121 404 3184 lum
445 3121 855 3183 conscribendi
885 3121 1150 3182 fecerunt
1187 3129 1577 3203 potestatem:
1620 3121 1809 3181 missis
1831 3121 1971 3202 quin
2004 3123 2185 3182 etiam

273 3219 494 3300 legatis
518 3219 742 3280 bellum
781 3238 1157 3300 componere,
1198 3237 1536 3299 quanquam
1579 3218 1739 3279 irrito
1779 3227 2019 3291 conatu,
2060 3227 2183 3280 stu-
2206 3239 2375 3291 zonat.

275 3317 552 3378 ducrum.
641 3317 725 3377 Et
763 3315 1056 3377 inciderat
1099 3314 1340 3397 quidem
1380 3316 1560 3398 paulo
1601 3325 1738 3377 ante
1764 3317 2181 3389 controversia,
2204 3304 2380 3372 Polyb.

277 3413 446 3496 quod
475 3415 740 3476 homines
765 3413 1015 3476 Italicos
1039 3413 1230 3474 forum
1267 3433 1460 3474 rerum
1485 3413 1789 3475 venalium
1828 3413 1907 3475 ad
1954 3414 2183 3475 hostem

279 3512 668 3594 deportantes
689 3511 1010 3593 capiebant
1029 3510 1232 3583 Poeni,
1258 3510 1707 3592 carceribusque
1722 3510 1975 3592 publicis
1996 3511 2185 3574 inclu-

275 3610 526 3672 debant.
608 3609 864 3691 Jamque
891 3607 970 3669 ad
995 3609 1348 3690 quingentos
1379 3611 1510 3689 ejus
1533 3610 1763 3688 generis
1798 3609 2099 3670 habebant
2122 3611 2181 3670 in

277 3707 572 3778 vinculis:
615 3727 806 3788 neque
833 3705 1008 3787 pauci
1046 3704 1393 3766 dicebantur
1417 3704 1622 3778 occisi,
1662 3714 1726 3767 et
1748 3705 1827 3767 ad
1868 3705 2179 3786 tegendam
2238 3721 2453 3788 Appiam.

281 3804 582 3866 latrocinii
607 3803 827 3864 famam
865 3803 927 3863 in
959 3822 1120 3863 mare
1146 3803 1500 3885 praecipitati
1528 3824 1689 3874 esse:
1732 3824 1869 3865 cum
1893 3803 2179 3878 Romani,
2202 3787 2375 3904 325⁰·
2404 3797 2456 3837 ’ἴ

281 3923 406 3964 mm
431 3923 568 3964 eam
593 3901 846 3982 graviter
867 3899 1138 3972 ferentes,
1166 3899 1308 3961 belli
1334 3901 1524 3962 minas
1547 3909 1839 3962 ostentare
1864 3910 2179 3982 coeperunt.
2234 3871 2405 3986 Pgl‘yb.
2418 3934 2505 3971 m.

279 3999 408 4062 Sed
427 3999 610 4061 Poeni
627 3997 840 4078 legatis
863 3997 1069 4069 missis,
1094 3997 1198 4077 qui
1221 4017 1444 4070 omnes,
1470 4005 1761 4079 quotquot
1786 3997 2009 4060 detenti
2029 3997 2177 4058 Car·
2202 3985 2285 4036 ²⁸·

279 4097 524 4178 thagine
558 4096 814 4168 fuerant,
854 4094 1199 4156 reducerent
1241 4095 1745 4175 restituerentque,
1784 4095 1939 4156 adeo
1974 4095 2177 4177 placa-

277 4204 420 4256 runt
455 4191 742 4276 populum
795 4191 1162 4263 Romanum,
1205 4200 1274 4252 ut
1313 4190 1524 4274 reliqui
1563 4212 1643 4252 ex
1685 4190 1979 4253 Siciliensi
2020 4190 2180 4253 bello
2202 4215 2373 4267 zom,

279 4292 504 4374 captivi
531 4290 752 4352 Punici
775 4307 978 4351 omnes
993 4288 1120 4348 sine
1147 4287 1334 4369 pretio
1363 4289 1819 4350 restituerentur.

353 4395 418 4450 6.
471 4387 597 4450 Sed
647 4395 938 4470 postremo
985 4384 1131 4446 vicit
1183 4385 1450 4459 ambitio,
1503 4385 1925 4468 premendique
1976 4382 2180 4469 populi
