3300 5225
787 486 962 555 1592
1744 502 1815 553 r.
1861 503 2054 553 mvn

1113 664 1293 729 quam
1319 645 1630 709 audaciam
1656 655 1719 709 et
1741 648 1898 709 vires
1922 646 2213 711 Romanis
2236 666 2363 711 esse
2400 648 2558 711 ultro
2590 648 2819 713 bostem
2858 648 3009 711 mari

822 744 972 795 Diod.
981 744 1088 796 Eel.
1114 744 1460 805 lacessendi.
1545 744 1648 805 Sic
1674 743 1921 807 delectis
1956 746 2207 807 navibus
2240 746 2477 828 optimis
2520 746 2791 807 ducentis
2832 755 2895 807 et
2916 749 3011 809 vi·

789 811 1088 927 {uf-3¹52&
1113 841 1283 920 giuti,
1311 841 1697 923 impositoque
1724 842 1965 921 remige,
1998 851 2060 903 et
2085 842 2399 904 fortissimo
2423 863 2659 925 quoque
2700 862 2779 903 ex
2818 843 3011 923 legio·

785 940 1090 1006 Polybus).
1113 937 1306 1009 nibus,
1333 956 1468 998 nam
1495 946 1562 999 ut
1587 938 1666 999 ad
1690 948 1913 999 certam
1938 937 2223 1022 praedam,
2263 941 2619 1021 minimeque
2652 940 2890 1021 longum
2915 941 3009 1001 la·

786 1036 1088 1105 Polybus.
1114 1034 1314 1094 borem
1331 1034 1708 1117 (Drepanum
1726 1035 1883 1095 enim
1904 1034 2175 1117 Lilybeo
2194 1038 2365 1097 abest
2382 1037 2569 1098 millia
2588 1058 2863 1119 manum
2887 1056 3007 1099 non

1111 1130 1363 1211 amplius
1382 1130 1745 1212 quindecim)
1774 1132 2044 1194 certatim
2058 1152 2191 1195 sese-
2208 1134 2561 1207 offerebant,
2586 1137 2747 1197 circa
2770 1136 3009 1197 tertiam

791 1222 1089 1291 Polyb-104⁹·
1109 1225 1372 1307 vigiliam
1425 1228 1659 1291 silentio
1702 1230 1903 1301 solvit,
1944 1250 2115 1291 cursu
2170 1251 2277 1313 per
2315 1241 2547 1293 noctem
2606 1252 2905 1315 prospero,
2948 1240 3012 1293 et

1109 1324 1305 1386 hostes
1325 1324 1592 1388 fallente.
1676 1326 1812 1387 Lux
1836 1336 1989 1399 orta,
2016 1328 2217 1409 primis
2231 1330 2363 1408 jem
2390 1330 2637 1391 navibus
2654 1350 2693 1389 a
2722 1330 3009 1411 Drepane

1109 1418 1270 1481 baud
1308 1423 1512 1504 procul
1535 1424 1883 1507 conspectis,
1912 1424 1992 1485 ad
2016 1425 2363 1487 miraculum
2398 1426 2651 1488 insolitoe
2680 1426 2763 1487 rei
2787 1426 3015 1487 excivit

1112 1516 1564 1583 Adherbalem:
1608 1542 1797 1601 neque
1820 1520 2090 1582 dubitare
2114 1532 2363 1603 poterat,
2381 1524 2523 1604 quin
2550 1524 2733 1585 bostis
2755 1522 3009 1584 adesset.

1115 1612 1387 1678 Duarum
1415 1638 1604 1679 rerum
1627 1625 1759 1679 erat
1782 1618 2080 1700 proposita
2102 1620 2291 1699 optio,
2308 1628 2375 1681 ut
2398 1627 2503 1680 aut
2524 1619 2833 1681 confestim
2858 1640 3008 1701 proe-

1113 1717 1196 1778 lio
1220 1712 1690 1794 congrederetur,
1717 1724 1823 1775 aut
1842 1714 2005 1775 aditu
2030 1716 2183 1777 hosti
2207 1715 2491 1777 concesso'
2502 1717 2658 1795 cingi
2684 1736 2747 1777 se
2772 1716 3009 1777 obside-

1111 1814 1280 1894 rique
1305 1813 1552 1873 sineret:
1595 1810 1756 1892 quod
1784 1820 2158 1893 postremum,
2186 1833 2321 1874 cum
2355 1812 2516 1873 haud
2540 1814 2731 1875 minus
2772 1811 3007 1892 flagitii,

1111 1930 1290 1991 quam
1315 1908 1598 1969 molestiae
1628 1908 2093 1989 discriminisque
2136 1908 2376 1991 plenum
2415 1909 2731 1981 videretur,
2773 1930 3009 1971 aversa-

1112 2015 1228 2078 tus,
1275 2006 1464 2066 socios
1507 2004 1750 2066 navales
1774 2006 1971 2065 subito
2008 2005 2069 2067 in
2108 2006 2303 2067 littore
2337 2006 2567 2086 coegitz
2618 2008 3010 2067 mercenarios

1112 2112 1308 2163 autem
1333 2101 1552 2162 milites
1566 2121 1715 2173 voce
1741 2104 2025 2185 proeconis
2042 2105 2103 2165 in
2126 2104 2473 2165 concionem
2498 2102 2819 2164 advocatos
2844 2104 3009 2163 brevi

1029 2270 1038 2279 ,
1107 2196 1214 2259 sed
1240 2190 1470 2259 efficaci
1503 2200 1773 2260 oratione
1812 2200 2057 2272 monuit,
2104 2209 2329 2281 quante
2370 2220 2505 2280 spes
2546 2208 2699 2261 esset
2739 2198 3009 2281 praelium

1109 2303 1338 2376 promte
1389 2297 1827 2375 capessentibus
1842 2316 1860 2367 ς
1916 2304 2191 2376 quantus,
2232 2297 2283 2357 si
2324 2295 2475 2355 illud
2518 2294 2885 2374 refugissent,
2926 2318 3007 2358 ex

1099 2390 1408 2453 obsidione
1434 2400 1641 2452 metus.
1706 2390 2009 2451 Alacriter
2030 2390 2525 2451 succlamantibus
2548 2392 2839 2465 omnibus,
2868 2393 2979 2455 Ad

1101 2485 1309 2548 hei-bal
1369 2484 1741 2547 collaudatos
1791 2504 1973 2546 naves
2008 2486 2132 2546 sine
2174 2506 2339 2547 mora
2378 2488 2769 2549 conscendere
2802 2491 3006 2569 jubet,

1103 2583 1558 2666 praetoriamque
1595 2582 1737 2662 (bec
1770 2582 1895 2666 ipse
1926 2580 2277 2664 vehebatur)
2312 2583 2502 2647 oculis
2534 2592 2600 2646 et
2632 2586 2877 2668 remig-io
2908 2606 3005 2650 se·

1097 2700 1228 2762 qui.
2938 2749 2947 2756 .

1186 2783 1286 2838 19.
1331 2774 1498 2838 Haec
1525 2775 1626 2837 ubi
1654 2786 1949 2859 praecepte
1980 2776 2169 2851 dedit,
2213 2777 2433 2860 primus
2456 2779 2579 2860 ipse
2620 2779 2807 2841 almm
2830 2783 3005 2864 petit,

1101 2872 1212 2935 sub
1241 2873 1396 2955 ipsas
1421 2874 1616 2953 portui
1643 2872 2047 2954 impendentes
2070 2882 2268 2956 petras
2306 2895 2589 2956 egressus,
2624 2897 2760 2940 cum
2792 2879 3005 2940 eodem

1101 2978 1364 3052 ternpore
1393 2988 1472 3030 ex
1513 2969 1759 3030 adverso
1802 2969 1985 3031 latere
2011 2969 2308 3032 Romanoe
2345 2993 2527 3034 naves
2564 2983 2797 3054 portum
2820 2976 3005 3038 intra-

1101 3075 1250 3128 rent.
1334 3066 1418 3128 P.
1451 3065 1723 3140 Clodius,
1756 3085 1871 3128 non
1914 3068 2004 3128 uti
2043 3077 2381 3150 speraverat
2412 3071 2615 3130 territo
2658 3071 2824 3132 hoste
2852 3091 3005 3154 proe-

1102 3161 1368 3243 liumque
1390 3162 1778 3235 detrectante,
1804 3161 1909 3224 sed
1936 3161 2016 3225 ad
2040 3164 2437 3226 defensionem
2478 3167 2569 3227 sui
2604 3175 2833 3228 strenue
2858 3189 3003 3231 con-

1099 3279 1292 3332 verso,
1337 3261 1711 3341 perturbatus
1752 3261 1901 3342 ipse,
1946 3281 2129 3322 naves
2170 3282 2307 3322 suas
2345 3283 2585 3347 propere
2638 3274 2899 3338 revocat,
2942 3269 3005 3327 in

1100 3364 1307 3438 aperto
1345 3355 1492 3416 mari
1537 3365 1861 3419 structurus
1886 3359 2097 3419 aciem.
2180 3357 2305 3419 Sed
2330 3358 2450 3421 illae
2492 3360 2659 3422 nullo
2683 3361 2909 3435 ordine,
2936 3375 3008 3426 ut

1100 3471 1470 3534 unsquoeque
1495 3463 1901 3535 praecurrerat,
1943 3453 2077 3516 aliae
2112 3455 2268 3516 intra
2292 3465 2523 3540 portum
2554 3461 2690 3538 jam
2731 3470 3005 3540 penetra-

1099 3559 1328 3622 verant,
1375 3549 1510 3611 aliae
1549 3553 1838 3633 petebant
1864 3552 2111 3626 aditum,
2155 3553 2430 3635 quoedam
2474 3553 2535 3614 in
2574 3555 2713 3636 ipsis
2736 3555 3005 3620 faucibus

1099 3645 1517 3708 versabuntur:
1561 3648 1696 3709 inde
1722 3648 1945 3711 factum
1970 3657 2060 3722 ut,
2080 3649 2223 3712 dum
2246 3669 2461 3730 mag-no
2486 3651 2612 3711 nisu
2638 3653 3003 3716 retrocedere

1098 3761 1304 3803 omnes
1327 3742 1598 3818 tendunt,
1623 3745 1760 3808 alioe
1786 3747 1847 3807 in
1876 3745 2026 3807 alias
2050 3747 2406 3808 incurrentes
2430 3748 2733 3809 turbarent
2772 3759 3002 3824 mutuo,

1101 3857 1408 3918 remosque
1433 3840 1685 3904 invicem
1720 3841 2125 3923 detergerent:
2166 3843 2378 3916 donec,
2406 3853 2474 3904 ut
2497 3855 2831 3925 potuerunt,
2858 3867 3002 3909 evo-

1104 3933 1245 3994 lutoe
1270 3944 1560 4017 portuque
1583 3959 1848 4018 egressa,
1884 3941 2165 4020 quoniam
2188 3941 2442 4023 spatium
2466 3943 2746 4022 temporis
2772 3943 3003 4006 nullum

1102 4041 1422 4112 supererat,
1449 4037 1729 4096 continuo
1769 4039 1956 4117 juxta
2001 4037 2165 4100 littus
2204 4039 2395 4121 ipsum
2439 4041 2499 4100 in
2542 4040 2805 4102 ordinem
2850 4045 3003 4104 aciei

1105 4129 1360 4190 astitere.
1445 4129 1585 4213 Ipse
1609 4133 1836 4206 consul,
1862 4135 1965 4215 qui
1984 4135 2143 4218 prius
2168 4155 2377 4216 agmen
2396 4143 2693 4216 coegerat,
2718 4147 2842 4198 tum
2858 4159 3000 4201 con-

1103 4245 1272 4286 verso
1295 4245 1466 4288 cursu
1487 4239 1622 4290 ante
1643 4251 1843 4292 omnes
1860 4242 2097 4294 evectus
2120 4234 2351 4295 sinistro
2376 4233 2581 4295 classis
2604 4253 2724 4294 suae
2751 4235 2921 4298 lateri
2936 4259 3000 4300 se

1105 4321 1413 4404 applicuit.
