3300 5225
893 547 1098 596 maru
1148 546 1290 597 xx.
1333 547 1979 599 surrnsuswruu.
2360 529 2535 597 1643

299 691 608 772 quievere,
636 689 828 751 donec
845 689 1116 751 consules
1137 692 1336 751 statim
1360 690 1687 753 secundum
1708 690 2072 772 triumphum
2096 688 2199 749 ab·
2225 695 2360 749 Plut.

297 788 508 849 dicare
529 797 669 849 sunt
689 789 904 849 coacti.
945 787 1093 848 Pari
1118 790 1432 849 severitate
1467 789 1577 849 sub
1617 788 1777 850 idem
1811 788 1934 848 fere
1975 795 2207 869 tempus
2260 785 2533 839 V21.·Max.

295 886 419 945 viri
440 885 754 945 clarissimi
781 884 902 946 duo
925 886 1238 947 sacerdotii
1266 886 1486 947 honore
1515 893 1870 947 caruerunt:
1916 884 2011 945 M.
2051 884 2201 946 Cor·
2229 857 2415 969 {fik-⁴⁹

297 981 500 1043 aelius
524 981 849 1063 Cethegus,
889 984 1047 1043 extis
1081 1003 1196 1043 non
1237 984 1348 1044 rite
1392 984 1679 1065 porrectis
1698 1004 1723 1053 ε
1764 982 1847 1050 Q.
1880 981 2205 1064 Sulpiciae,

297 1078 470 1158 quod
509 1080 664 1141 inter
701 1079 1155 1143 sacrificandum
1197 1100 1354 1161 apex
1397 1082 1452 1141 ei
1497 1080 1575 1139 de
1612 1080 1811 1162 capite
1854 1077 2208 1140 defluxerat.

299 1174 468 1236 Cum
503 1177 850 1256 magistratu
897 1176 1168 1238 consules
1208 1178 1555 1249 abivissent,
1597 1178 1843 1238 comitia
1878 1197 1983 1258 per
2027 1178 2207 1237 inter-

297 1292 508 1351 regem
545 1282 686 1333 sunt
725 1273 954 1345 habita,
1002 1275 1218 1355 quibus
1267 1274 1474 1336 consul
1525 1273 1722 1335 sactus
1769 1272 1864 1334 M.
1910 1271 2209 1333 Claudius

301 1367 404 1431 Μ.
429 1369 506 1430 F.
529 1370 625 1430 Μ.
652 1368 744 1430 Ν.
772 1369 1152 1444 Marcellus,¹
1189 1372 1294 1454 qui
1337 1372 1689 1451 magistratu
1735 1370 1882 1431 inito
1915 1369 2208 1449 collegam

299 1466 523 1527 ascivit
545 1464 664 1527 Gn.
692 1465 1038 1529 Cornelium
1080 1467 1150 1529 L.
1185 1468 1256 1531 F.
1295 1468 1365 1529 L.
1401 1467 1494 1530 N.
1551 1467 1896 1549 Scipionem
1925 1465 2207 1530 Calvum.

299 1562 402 1625 Hi
444 1583 658 1645 poeem
695 1566 1032 1645 petentibus
1071 1565 1422 1627 Insubribus
1457 1565 1743 1637 restitere,
1787 1564 1879 1625 M.
1910 1561 2209 1624 Marcello
2264 1564 2434 1631 Polyb.
2470 1578 2533 1614 n.

266 1714 272 1719 .
297 1662 672 1741 potissimum
696 1660 1020 1743 cupiditate
1053 1664 1376 1745 provinciae
1417 1663 1819 1743 triumphique
1846 1660 2209 1721 conditiones
2230 1634 2367 1747 {2}le

293 1778 510 1817 omnes
547 1766 936 1839 aspernante:
979 1760 1082 1820 sed
1125 1769 1188 1821 et
1235 1761 1350 1841 ipsi
1395 1758 1572 1820 Galli
1617 1758 1764 1818 belli
1810 1758 2007 1839 potius
2029 1778 2209 1839 quam

294 1856 410 1915 otii
435 1855 694 1916 consilia
727 1864 978 1916 metare
1012 1856 1390 1928 videbantur,
1426 1876 1564 1917 cum
1589 1855 1665 1915 de
1693 1856 1919 1935 integro
1942 1855 2211 1916 mercede
2233 1871 2415 1938 Polyb.

294 1951 604 2013 conducta
646 1951 1021 2013 Gnatarum
1071 1955 1316 2033 triginta
1365 1952 1562 2013 millia
1611 1953 1905 2033 superatis
1945 1951 2213 2033 Alpibus
2234 1971 2371 2023 Plnt.

297 2047 480 2127 longe
505 2051 790 2127 majorem
811 2049 1150 2111 Insubrium
1173 2049 1616 2111 multitudinem
1638 2049 2047 2131 conciyissent.

363 2152 476 2207 52.
503 2145 688 2206 Bello
703 2146 791 2205 sic
805 2154 1035 2219 exorto,
1063 2146 1308 2227 profecti
1331 2146 1522 2228 primo
1539 2166 1677 2206 vere
1702 2144 1996 2217 consules,
2015 2144 2209 2205 Acer-
2231 2150 2413 2220 Polyb.

295 2262 404 2303 m
439 2240 760 2323 (oppidum
790 2251 880 2303 est
913 2244 1063 2304 inter
1090 2242 1335 2304 Padum
1361 2252 1423 2303 et
1447 2242 1671 2323 Alpes)
1692 2240 2208 2304 circumsederunt.

297 2338 502 2419 cujus
519 2337 828 2401 obsidione
843 2360 979 2401 cum
990 2340 1290 2422 depellere
1303 2340 1614 2401 Romanos
1632 2337 1873 2400 difficile
1891 2338 2209 2411 videretur,

299 2436 683 2497 Britomartis
697 2446 955 2497 assumta
967 2436 1174 2498 decem
1191 2438 1446 2499 millium
1459 2436 1514 2496 G
1525 2444 1835 2497 aesatarum
1847 2455 2050 2507 manu,
2064 2435 2205 2497 cir-
2230 2448 2291 2500 Pl
2297 2456 2368 2503 ut.

293 2532 744 2616 cumpudanam
795 2535 1088 2615 regionem
1128 2544 1360 2595 vastare
1417 2534 1703 2594 instituit:
1746 2553 1866 2614 quo
1906 2540 2206 2614 comperto
2231 2548 2402 2599 zom.

295 2632 580 2697 consules
605 2633 696 2691 ita
725 2632 877 2692 inter
901 2653 964 2693 se
989 2633 1192 2714 partiti
1217 2641 1356 2694 sunt
1381 2633 1607 2714 copias,
1643 2639 1713 2694 ut
1749 2630 1865 2691 Cn.
1896 2630 2209 2692 Cornelius
2232 2647 2375 2699 1²1th

295 2749 444 2790 cum
483 2729 748 2790 exercitu
779 2729 1007 2811 reliquo
1045 2737 1279 2810 urgeret
1303 2728 1707 2798 obsidionem;
1754 2728 1849 2790 M.
1880 2727 2211 2788 Marcellus

297 2825 458 2886 duas
476 2834 678 2906 partes
698 2827 964 2907 equitum
991 2835 1053 2888 et
1075 2827 1338 2888 delectos
1378 2847 1457 2887 ex
1495 2827 1616 2888 levi
1641 2834 1941 2888 armatura
1964 2824 2207 2898 ducens,

297 2923 480 2984 sociis
505 2931 890 2984 succurreret.
952 2923 1200 3004 Delegit
1219 2923 1725 3006 expeditissimum
1745 2943 2060 3005 quemque,
2088 2942 2209 2982 non

298 3019 468 3080 ultra
492 3029 838 3080 sexcentos:
879 3040 1014 3081 cum
1051 3021 1142 3081 his
1181 3030 1243 3082 et
1267 3022 1564 3102 equitibus
1586 3021 1729 3092 suis,
1770 3040 1887 3081 non
1928 3020 2047 3092 die,
2088 3039 2209 3081 non

300 3125 482 3178 nocte
507 3117 834 3177 intermisso
871 3117 1100 3192 itinere,
1142 3118 1450 3180 contendit
1479 3117 1558 3178 ad
1599 3118 1833 3178 hostes:
1877 3138 2027 3198 quos
2049 3117 2211 3178 circa

301 3212 674 3276 Clastidium
700 3213 968 3296 adeptus,
995 3214 1336 3296 priusquam
1355 3213 1595 3276 reficere
1620 3235 1761 3275 suos
1774 3215 1971 3296 quiete
1992 3221 2208 3294 posset,

300 3310 552 3372 adortus
595 3319 706 3380 est,
732 3330 850 3372 non
887 3311 1193 3372 voluntate
1237 3331 1366 3384 sua,
1411 3311 1518 3372 sed
1557 3311 1779 3372 ferocia
1810 3309 2208 3382 Gaesatarum,

299 3408 409 3489 qui
435 3427 688 3468 numero
709 3407 962 3489 potiores
994 3416 1057 3469 et
1089 3409 1376 3489 equestris
1399 3408 1630 3469 militiae
1663 3409 2058 3490 principatum
2096 3407 2209 3466 sibi

299 3503 699 3576 vindicantes,
745 3504 951 3567 audito
975 3526 1198 3587 paucos
1225 3504 1442 3566 adduci
1467 3505 1699 3587 pedites
1723 3525 1761 3566 a
1784 3504 2049 3576 consule,
2074 3525 2209 3586 pro-

301 3603 470 3663 tinus
491 3600 975 3667 adobterendum
999 3623 1158 3675 eum,
1183 3603 1402 3664 omissa
1418 3601 1704 3664 Clastidii
1722 3601 2048 3674 obsidione,
2074 3619 2207 3684 pro÷
2234 3619 2423 3686 Polyb.

303 3707 612 3780 ruperunt·
1403 3695 1408 3700 ’
2234 3685 2371 3736 Plut.

387 3802 492 3856 53.
537 3796 634 3856 Μ.
662 3797 992 3858 Marcellus
1015 3798 1142 3858 acie
1177 3798 1240 3858 in
1275 3797 1518 3876 longum
1543 3805 1836 3879 porrecta,
1862 3816 1939 3856 ne
1959 3796 2209 3856 circum-

305 3893 608 3954 veniretur
622 3893 700 3954 ab
715 3895 972 3956 hostium
989 3894 1392 3967 multitudine,
1421 3892 1621 3954 Gallis
1637 3893 1921 3975 processit
1934 3893 2172 3954 obviam
2192 3911 2209 3951 ε

306 4009 504 4072 neque
548 3990 724 4070 longe
770 3993 1016 4053 aberant
1054 3993 1309 4054 invicem
1355 3991 1535 4064 acies,
1581 4011 1719 4051 cum
1751 3992 1885 4069 jam
1930 3990 2211 4070 impetum

307 4086 507 4150 fecere
545 4088 885 4152 molientem
910 4109 1097 4170 equus
1119 4089 1376 4150 clamore
1411 4097 1707 4169 cantuque
1746 4087 2063 4151 Gallorum
2103 4105 2210 4148 ex.-
2267 4135 2435 4190 Emm
2462 4152 2539 4187 w·

308 4185 548 4247 territus
589 4185 872 4268 abripuit,
913 4195 976 4247 et
1014 4195 1328 4248 retrorsum
1368 4186 1527 4246 tulit.
1609 4184 1711 4246 Ibi
1749 4184 1954 4248 consul
1992 4183 2213 4246 veritus
2236 4209 2287 4255 5.

843 4421 871 4457 v
905 4412 968 4465 Α.
991 4411 1060 4466 U.
1081 4413 1142 4466 C.
1167 4416 1281 4466 σεο.
1317 4412 1382 4465 Α.
1407 4413 1468 4466 c.
1491 4416 1607 4466 222.
