3300 5225
806 547 975 618 1870
1739 564 1807 613 τ.
1859 564 2046 615 mvn

802 712 956 787 alia,
986 729 1109 775 nec
1140 711 1415 776 victoris
1444 711 1692 789 auimo,
1721 731 1845 777 uec
1889 714 2116 797 magni
2157 713 2354 780 ducis
2385 732 2589 793 more,
2631 714 2996 782 nundinan-

800 812 975 879 tem-³
1060 813 1234 879 Tum
1280 817 1562 901 privatae
1614 834 1884 899 quoque
1939 835 2061 900 per
2117 816 2356 881 domos
2423 816 2653 882 clades
2698 818 2995 902 vulgata

804 922 997 982 sunt=
1040 918 1343 1003 adeoque
1401 925 1609 984 totam
1663 917 1916 984 Urbem
1967 920 2272 1004 opplevit
2317 921 2562 1000 luctus,
2607 928 2686 987 ut
2731 941 2998 987 sacrum

802 1022 1323 1088 anniversarium
1355 1022 1656 1088 Cererist
1695 1024 2144 1089 intermissum
2177 1025 2300 1106 sit3
2343 1024 2508 1110 quia
2550 1044 2674 1091 nec
2714 1025 2996 1108 lugenti-

802 1127 930 1190 bus
962 1126 1029 1192 id
1059 1126 1284 1191 facere
1328 1134 1435 1191 est
1477 1125 1604 1203 ἤιε,
1645 1147 1768 1192 nec
1805 1127 1946 1192 ulla
1989 1128 2057 1193 in
2087 1128 2208 1193 illa
2246 1135 2649 1214 tempestate
2693 1136 3000 1194 matrona

804 1248 1051 1314 expers
1094 1230 1317 1295 luctus
1356 1232 1597 1296 fuerat.
1692 1230 1960 1315 Itaque,
1991 1250 2077 1296 ne
2107 1232 2196 1298 ob
2226 1231 2505 1297 eandem
2537 1251 2822 1297 causam
2865 1233 3002 1298 alia

804 1350 1070 1417 quoque
1094 1352 1289 1398 sacra
1314 1334 1587 1417 publica
1616 1339 1734 1400 aut
1755 1334 2021 1416 privata
2040 1335 2522 1412 desererentur,
2546 1342 2821 1399 senatus
2839 1354 3000 1399 con-

805 1436 988 1501 sulto
1018 1436 1250 1502 diebus
1282 1438 1545 1519 triginta
1588 1437 1811 1503 luctus
1862 1444 1973 1501 est
2011 1437 2259 1504 finitus.
2351 1436 2656 1503 Ceterum
2685 1456 2866 1515 cum,
2897 1458 2998 1501 se·

802 1538 962 1604 dato
996 1538 1199 1605 Urbis
1224 1540 1531 1619 tumultu,
1562 1543 1857 1606 revocati
1886 1542 1956 1605 in
1998 1542 2256 1607 curiam
2285 1540 2526 1607 Patres
2571 1545 2818 1620 essent,
2845 1540 2995 1605 aliae

804 1643 1077 1727 iusuper
1120 1664 1209 1708 ex
1260 1644 1498 1710 Sicilia
1540 1644 1762 1709 literae
1807 1644 2035 1709 allatae
2083 1650 2241 1709 sunt
2287 1644 2376 1709 ab
2418 1643 2503 1709 T.
2536 1641 2830 1707 Otacilio
2877 1661 2997 1726 pro

802 1751 1108 1829 praetore,
1155 1754 1176 1782 ‘
1209 1747 1517 1831 Regnum
1574 1748 1893 1812 Hieronis
1951 1748 2172 1813 classe
2238 1746 2500 1813 Punica
2556 1747 2844 1811 vastari:
2889 1748 2998 1811 cui

806 1870 961 1916 cum
1016 1874 1210 1937 opem
1264 1854 1647 1937 imploranti
1705 1854 1877 1918 ferre
1934 1851 2162 1933 vellet,
2213 1854 2586 1919 nuntiatum
2639 1852 2772 1917 sibi
2823 1872 2998 1930 esse,

808 1956 1005 2019 aliam
1039 1956 1325 2021 classem
1358 1957 1445 2023 ad
1478 1956 1760 2040 AEgates
1806 1956 2068 2022 insulas
2117 1963 2321 2038 stare,
2359 1964 2670 2041 paratam
2715 1957 3001 2023 instruc·

806 2066 1111 2143 tamque;
1156 2069 1251 2139 ut,
1286 2062 1398 2125 ubi
1426 2082 1501 2126 se
1532 2082 1798 2127 versum
1829 2062 1915 2127 ad
1949 2061 2265 2127 tuendam
2295 2061 2784 2146 Syracusanam
2817 2078 3002 2125 oram

806 2160 1002 2227 Poeni
1029 2164 1421 2245 sensissent,
1444 2164 1820 2251 Lilybaeum
1851 2166 2192 2251 extemplo
2219 2164 2766 2251 provinciamque
2797 2164 3000 2229 aliam

810 2264 1183 2332 Romanam
1216 2269 1746 2351 aggrederentur.
1833 2269 2078 2355 Itaque
2123 2270 2344 2335 classe
2393 2288 2572 2353 opus
2601 2288 2778 2347 esse,
2809 2269 2872 2333 si
2897 2288 3001 2333 re-

810 2390 955 2450 gem
988 2372 1246 2435 socium
1281 2362 1716 2458 Siciliamque
1745 2374 1914 2439 tueri
1943 2373 2239 2439 vellent-³

894 2474 1002 2538 57.
1044 2472 1285 2539 Litoris
1314 2476 1611 2541 consulis
1642 2463 2202 2562 propraetorisque
2233 2477 2484 2554 lectis,¹¹
2529 2476 3002 2540 censuerunt¹⁴

812 2576 911 2642 M.
944 2578 1322 2658 Claudium,
1355 2581 1469 2666 qui
1500 2581 1708 2647 classi
1739 2579 1826 2647 ad
1855 2580 2120 2648 Ostiam
2155 2582 2361 2647 stanti
2387 2583 2735 2665 praeesset,
2781 2576 3001 2642 Canu-

810 2683 984 2746 sium
1017 2682 1101 2746 ad
1130 2687 1503 2749 exercitum
1545 2685 1969 2764 mittendum,
2005 2684 2564 2768 scribendumque
2593 2683 2881 2760 consuli,
2902 2689 3001 2758 ut,

810 2806 963 2852 cum
994 2788 1263 2872 praetori
1293 2788 1658 2855 exercitum
1693 2788 2100 2868 tradidisset,
2140 2789 2357 2873 primo
2387 2804 2657 2871 quoque
2685 2790 3002 2870 tempore,

1732 2940 2090 2963 ”macene

810 3037 907 3088 alin
929 3039 1175 3090 victoriam
1188 3055 1273 3092 aec
1293 3042 1487 3094 victoris
1508 3078 1522 3092 .
1545 3075 1560 3092 .
1577 3078 1591 3094 .
1610 3057 1740 3093 more
1761 3044 2030 3092 metientem
2057 3040 2192 3092 Edd.
2229 3045 2352 3089 ante
2371 3038 2598 3089 Gronov.
2623 3035 2711 3101 qui
2744 3035 2917 3085 locum
2939 3047 3004 3085 ex

811 3104 1113 3168 conjectura
1138 3108 1228 3164 ita,
1243 3116 1302 3157 ut
1324 3123 1460 3158 nunc
1479 3115 1577 3170 eat,
1597 3110 1883 3158 corintituit.
1910 3109 2039 3157 Mas.
2057 3109 2196 3156 varia
2217 3104 2483 3164 exhibent,
2503 3103 2752 3152 vinariam
2775 3101 3006 3165 plerique

813 3171 1076 3234 omittunt,
1101 3187 1192 3235 pro
1214 3174 1483 3224 metientem
1503 3175 1696 3224 habent
1719 3175 2031 3231 nuntiantem,
2053 3181 2106 3223 et
2141 3188 2234 3240 pro
2253 3173 2336 3222 ned
2357 3168 2680 3220 Hannibalern
2702 3168 2784 3217 vel
2803 3181 3006 3222 neuun,

812 3237 893 3283 vel
916 3250 967 3285 σε
986 3253 1129 3296 nuuc,
1154 3240 1229 3286 vel
1254 3255 1327 3288 me
1345 3238 1505 3290 nnnc!
1535 3240 1735 3291 Stroth.

884 3303 947 3352 14
979 3301 996 3330 ‘
1016 3304 1308 3354 censuerunt
1328 3305 1379 3354 in
1402 3310 1452 3355 2.
1476 3305 1602 3355 Mos.
1626 3305 1839 3368 legitur,
1863 3305 1938 3368 (in
1976 3303 2142 3354 altero
2167 3310 2338 3352 tamen
2373 3307 2491 3365 post
2513 3296 2841 3362 mittendum)
2875 3303 2930 3347 et
2953 3297 3004 3346 in

816 3369 975 3415 tertio
997 3375 1195 3419 censent.
1268 3369 1379 3420 Hos
1408 3379 1617 3422 sectatus
1649 3385 1766 3421 cum
1795 3371 1991 3420 Stroth.
2017 3369 2211 3419 inserui
2236 3367 2448 3416 verbum
2471 3365 2620 3427 illud,
2643 3371 2701 3414 ut
2735 3362 3006 3438 commoda

815 3432 997 3482 saltem
1022 3435 1256 3498 corrupti
1276 3437 1375 3485 loci
1403 3436 1667 3487 sententia
1689 3437 2017 3498 exoriretur;
2049 3434 2146 3484 etsi
2171 3441 2225 3483 et
2247 3433 2344 3482 hoc
2367 3437 2424 3482 et
2443 3431 2542 3480 ulia
2567 3429 2724 3480 verba
2737 3431 2836 3495 (ac.
2854 3429 3007 3478 litem

814 3511 858 3546 c.
883 3513 934 3562 p.
956 3499 1113 3562 tectis)
1139 3502 1411 3564 glossatori
1431 3503 1601 3566 potius
1628 3501 1905 3551 tribuenda
1929 3510 1984 3551 et
2006 3498 2374 3564 expungenda,
2393 3511 2544 3563 quam
2563 3497 2710 3560 plura
2731 3509 2764 3543 a
2788 3493 3006 3544 librariis

816 3565 1005 3614 omissa
1028 3575 1081 3614 et
1108 3567 1402 3629 inserenda,
1425 3568 1560 3633 quod
1584 3569 1749 3618 Gron.
1770 3567 2082 3631 srispicznnr.
2109 3563 2436 3615 crediderim.
2505 3562 2568 3613 In
2592 3560 2851 3626 plerisque
2879 3561 3006 3636 Mss-

816 3629 1005 3693 legitur
1035 3631 1191 3680 literis
1228 3633 1429 3683 consulis
1466 3632 1779 3698 pretor-isque
1797 3633 1895 3696 Ap.
1924 3633 2196 3690 Claudium,
2232 3632 2282 3680 in
2315 3629 2490 3679 multis
2523 3639 2626 3678 non
2649 3627 2746 3676 nisi
2769 3627 3007 3676 Praetom

814 3711 949 3758 quem
977 3695 1073 3758 Ap.
1101 3699 1370 3747 Claudium.
1438 3699 1577 3749 Hinc
1600 3699 1736 3749 forte
1761 3699 1862 3762 leg.
1901 3698 2166 3748 Praetorem
2185 3697 2346 3759 itaque
2365 3697 2520 3745 cisum
2550 3701 2638 3742 aut
2657 3692 2886 3756 placitum
2909 3692 3004 3756 (sc.

816 3761 1063 3811 Patribns
1086 3765 1193 3826 est)
1216 3765 1290 3813 M.
1315 3764 1393 3813 vel
1417 3767 1515 3827 Δρ.
1550 3765 1810 3815 Claudium
1842 3771 1946 3814 cet.
2011 3764 2075 3814 In
2096 3764 2202 3812 nolo
2227 3763 2350 3812 Put.
2373 3769 2454 3810 est
2475 3759 2716 3809 Marcium
2741 3758 3009 3818 Claudium,

1799 3912 2021 3966 Nom-2

816 4023 940 4068 καις
974 4016 1142 4061 mutat
1180 4011 1485 4075 Gronovius,
1516 4013 1876 4080 rationemque
1951 4019 2111 4078 atque
2146 4017 2206 4061 ut
2237 4025 2270 4061 a
2307 4009 2428 4059 vino
2466 4015 2523 4058 et
2543 4007 2752 4057 Venere
2787 4005 3007 4057 abstine-

816 4088 991 4137 reddit
1016 4102 1091 4138 tv.
1112 4087 1393 4140 Observat.
1411 4093 1491 4140 11.
1731 4141 1738 4148 ,
1952 4096 2088 4141 rent.

884 4167 903 4198 ¹
932 4163 1130 4215 Sacrum
1149 4167 1524 4218 anniversa-tum
1545 4167 1760 4234 Cereris]
1780 4169 1877 4219 Ce-
2017 4176 2042 4203 ¹
2072 4167 2256 4218 Literie
2273 4165 2476 4216 consulit
2506 4162 2902 4228 propretor-ioque
2921 4163 3007 4212 lee-

819 4241 1118 4294 lebrabatur
1138 4245 1409 4309 quotannis
1426 4245 1490 4295 ad
1514 4245 1751 4311 quintum
1777 4247 1873 4298 Ca·
1950 4245 2041 4311 tis]
2078 4247 2245 4296 Notat
2260 4243 2498 4309 Sigonius
2517 4241 2874 4292 subaudienda
2896 4253 3004 4289 ver-

818 4319 999 4369 lendas
1024 4319 1215 4383 Aprilis
1239 4337 1267 4370 a
1290 4323 1532 4372 matronis
1567 4323 1619 4372 in
1656 4323 1876 4373 candida
1956 4323 2024 4373 ba
2045 4327 2322 4373 censuerunt
2351 4325 2532 4386 putres,
2554 4320 2637 4368 vel
2674 4319 3004 4375 decreverunt,-

819 4403 873 4446 οε
898 4397 1017 4446 laeta
1041 4405 1213 4447 veste:
1250 4412 1415 4463 eoque
1438 4399 1490 4449 in
1522 4413 1668 4449 sacro
1691 4399 1743 4449 id
1767 4415 1873 4450 ner·
1953 4401 2144 4468 alioqui
2164 4399 2420 4465 penderet
2439 4395 2719 4448 sententia.

820 4471 1041 4523 vehatur
1084 4489 1151 4524 ne
1206 4474 1387 4525 t'unere
1436 4476 1645 4542 pollutae
1680 4486 1875 4542 essem,
