3300 5225
818 498 993 566 1720

894 658 1007 725 38.
1050 656 1211 725 Hoc
1239 659 1538 727 maxime
1568 660 1774 727 modo
1803 659 1870 726 in
1893 660 2166 727 Italiam
2190 665 2582 746 perventum
2615 666 2748 740 est,
2777 660 3020 746 quinto

810 782 1045 828 mense
1096 782 1141 828 a
1192 761 1597 846 Cartbagine
1655 782 1859 843 nova,
1911 762 2022 849 (ut
2067 764 2342 849 quidam
2391 770 2702 831 auctores
2758 770 2969 847 sunt,)
2989 761 3024 801 ⁶

808 865 1048 951 quinto
1098 865 1363 931 decimo
1415 865 1523 931 die
1582 864 1876 951 Alpibus
1937 869 2322 950 superatis?
2437 866 2735 945 Quantae
2792 866 3022 950 copiae

811 973 1227 1051 transgresso
1256 969 1323 1033 in
1378 968 1651 1035 Italiam
1701 970 2072 1036 Hannibali
2102 970 2369 1050 fuerint,
2397 988 2818 1053 nequaquam
2849 968 3024 1033 iuter

813 1077 1129 1135 auctores
1172 1078 1457 1137 constat.
1544 1070 1688 1153 Qui
1718 1072 2098 1155 plurimum,
2130 1080 2398 1137 centum
2437 1072 2648 1135 millia
2689 1070 3024 1155 peditum,

814 1172 1054 1256 viginti
1082 1174 1389 1258 equitum
1414 1174 1623 1240 fuisse
1650 1176 1952 1240 scribunt
1977 1195 1995 1257 ;
2041 1176 2160 1262 qui
2201 1176 2573 1251 minimum,
2605 1174 2837 1256 viginti
2869 1173 3022 1237 mil-

810 1276 909 1341 lia
962 1276 1286 1359 peditum,
1334 1296 1455 1343 sex
1500 1274 1844 1364 equitum.f
1929 1278 2008 1343 L.
2061 1278 2343 1345 Cincius
2405 1278 2842 1356 Alimentus}
2903 1276 3028 1361 qui

812 1385 1087 1463 captum
1118 1398 1197 1443 se
1228 1379 1316 1444 ab
1350 1379 1738 1446 Hannibale
1785 1380 2048 1461 scribit,
2077 1381 2370 1446 maxime
2401 1387 2632 1445 auctor
2655 1378 2704 1419 ¹⁸
2740 1400 2850 1444 me
2877 1398 3025 1443 mo-

1779 512 1847 561 '1'0
1901 514 2090 562 Ltvlt

817 1488 1024 1560 vetet,
1052 1480 1185 1546 nisi
1230 1483 1677 1549 confunderet
1703 1502 2075 1564 numerum,
2113 1484 2336 1551 Gallis
2367 1484 2870 1568 Liguribusque
2901 1481 3025 1547 ad-

815 1582 1011 1649 ditis:
1058 1602 1213 1649 cum
1236 1584 1346 1650 his
1366 1594 1419 1637 ¹⁹
1462 1586 1806 1671 octoginta
1835 1586 2046 1652 millia
2077 1586 2397 1671 peditum,
2428 1584 2663 1650 decem
2695 1584 3024 1668 equitum,

814 1686 1108 1752 adducta
1135 1688 1207 1752 in
1237 1686 1544 1753 Italiam:
1576 1687 1824 1773 (magis
1855 1686 2201 1752 affluxisse
2221 1686 2586 1754 verisimile
2617 1682 2801 1766 est3¹¹
2824 1693 2894 1750 et
2925 1685 3023 1749 ita

813 1788 1093 1871 quidam
1134 1795 1440 1855 auctores
1470 1787 1700 1873 suntt)
1727 1808 1814 1855 ex
1845 1790 2002 1871 ipso
2041 1797 2266 1853 autem
2306 1787 2576 1853 audisse
2607 1786 3024 1864 Hannibale,

812 1897 1173 1976 postquam
1222 1892 1627 1959 Rhodanum
1667 1892 2024 1971 transierit,
2058 1894 2330 1978 triginta
2371 1912 2500 1957 sex
2550 1891 2766 1957 millia
2813 1890 3024 1955 homi-

812 2012 995 2073 num,
1023 1994 1497 2080 ingentemque
1542 2014 1884 2061 numerum
1909 2013 2238 2081 equorum
2267 2000 2334 2059 et
2373 1994 2652 2059 aliorum
2684 1992 3024 2076 jumento-

810 2114 961 2161 rum
992 2098 1323 2177 amisisse,
1354 2100 1425 2163 in
1451 2093 1818 2177 Taurinis}
1861 2118 2018 2184 quae
2059 2097 2287 2165 Gallis
2331 2097 2646 2181 proxima
2675 2114 2834 2178 gens
2863 2098 3030 2173 erat,

814 2195 883 2261 in
915 2197 1189 2263 Italiam
1236 2198 1704 2283 degressum„
1789 2198 1872 2264 Id
1924 2218 2077 2265 cum
2117 2199 2285 2265 inter
2335 2217 2569 2263 omnes
2622 2200 2910 2277 constet,
2941 2215 3028 2261 eo

1738 2380 2100 2403 mmuOuO

884 2497 947 2544 18
981 2494 1122 2545 Olim
1148 2494 1421 2559 legebatur
1442 2496 1732 2547 Alia-catius
1756 2533 1771 2549 .
1796 2532 1810 2547 .
1835 2532 1850 2547 .
1870 2499 2107 2549 maximus
2127 2500 2442 2549 aneton—19
2474 2495 2660 2546 Scribit
2717 2500 2802 2543 ost
2823 2506 2930 2543 eura
2952 2490 3030 2543 hir

817 2558 1015 2609 iterant
1050 2560 1183 2608 Edd.
1204 2574 1379 2609 omnes
1403 2568 1525 2611 ante
1548 2562 1715 2615 Drak.
1780 2563 1938 2615 Multi
1963 2564 2094 2615 Μαι.
2115 2564 2240 2614 illud
2275 2564 2538 2626 ignorant.
2605 2561 2668 2609 vi
2711 2594 2726 2609 .
2747 2558 2879 2608 Not.
2899 2558 3028 2606 Var.

816 2629 949 2676 -20
981 2625 997 2653 ‘
1020 2625 1270 2688 Amisiae,
1288 2641 1363 2676 sc.
1385 2627 1437 2676 in
1470 2627 1693 2691 Alpibus
1727 2629 2073 2693 trajiciendis,
2095 2631 2150 2680 in
2174 2630 2402 2679 Taurinis
2424 2661 2438 2676 .
2458 2658 2476 2676 .
2497 2659 2512 2674 .
2535 2627 2588 2675 ia
2618 2626 2813 2675 Italian
2833 2626 3030 2684 aeg-res·

815 2705 949 2741 sura.-
982 2690 1035 2740 id
1073 2692 1304 2757 reposui,
1324 2693 1662 2758 grammatica
1693 2696 1768 2744 ita
1793 2697 2112 2760 postulante,
2136 2709 2232 2760 pro
2262 2695 2403 2758 vulg.
2423 2693 2638 2756 digresso
2669 2690 2754 2740 vel
2773 2691 3031 2751 degresau

1808 2857 2030 2911 NOTAE

882 2953 906 2988 ἃ
942 2955 1438 3012 Quintomense....
1462 2953 1882 3019 (υίφᾰάωωω-

817 3037 944 3082 tores
986 3030 1153 3094 καθ]
1205 3031 1454 3095 Polybius
1504 3032 1744 3095 inprimis
1791 3031 1884 3084 lib.

819 3122 907 3160 ιιι.
958 3109 1207 3173 Sequitur
1229 3122 1355 3171 ergo
1378 3122 1479 3157 non
1500 3117 1622 3157 ante
1644 3108 1773 3158 Idus
1788 3107 1886 3160 Ju-

819 3183 930 3233 nias
962 3197 1095 3233 nora
1126 3183 1443 3247 Cartbagine
1480 3185 1702 3234 movisse
1737 3185 1886 3234 Han·

817 3259 1059 3315 nibalem,
1080 3259 1287 3325 quando
1318 3261 1415 3310 sub
1444 3274 1684 3310 occasum
1708 3261 1886 3310 Pleia-

818 3335 941 3384 dum
952 3350 1046 3384 seu
1060 3336 1407 3398 Vergiliarum
1426 3335 1587 3399 Alpes
1600 3337 1886 3401 superavit,

820 3426 980 3476 supra
1010 3426 1125 3477 cap.
1148 3417 1233 3464 3⁶.
1260 3414 1313 3464 id
1348 3421 1450 3472 est,
1474 3425 1557 3464 ιι.
1583 3411 1748 3464 ferme
1775 3415 1885 3465 No·

821 3488 1047 3540 vembris
1066 3489 1168 3540 die.

884 3573 908 3601 ⁰
940 3567 1123 3624 Quinto
1148 3567 1326 3618 decimo
1354 3568 1434 3618 die
1462 3567 1669 3630 Alpibus
1693 3580 1884 3630 rupera-

818 3642 911 3706 tis]
945 3642 1190 3708 Intellige
1214 3656 1245 3692 a
1269 3643 1445 3707 primis
1465 3643 1688 3708 Alpibus
1711 3659 1742 3692 a
1771 3645 1884 3707 qni-

821 3718 921 3770 bua
963 3719 1032 3770 ad
1072 3733 1295 3770 summas
1330 3735 1467 3771 nono
1504 3722 1589 3772 die
1625 3720 1888 3786 pervenit,

822 3810 983 3860 snpra
1004 3809 1126 3860 cap.
1148 3801 1231 3847 85.

886 3871 907 3908 ¹
944 3872 1891 3940 Vigintinilliapeditmoexequitun]

823 3949 947 4002 Non
968 3951 1122 4014 longe
1144 3952 1209 4001 ab
1240 3953 1339 4002 boc
1368 3965 1581 4002 numero
1602 3951 1754 4003 abest
1781 3953 1888 4002 Po-

820 4027 1023 4092 lybiusz
1075 4029 1153 4077 ait
1189 4028 1327 4078 enim
1368 4026 1734 4085 Hannibalem,
1775 4029 1888 4078 Cir·

821 4103 1177 4169 cumpadanos
1218 4119 1429 4168 campos
1473 4111 1762 4168 petentem,
1805 4119 1887 4156 su·

823 4184 1071 4246 perstites
1098 4197 1167 4234 ex
1201 4182 1345 4234 Afris
1376 4182 1619 4232 militibus
1648 4182 1889 4232 babuisse

822 4259 1033 4325 pedites
1062 4260 1279 4310 circiter
1308 4260 1489 4310 decem
1518 4258 1682 4308 millia
1711 4266 1766 4308 et
1795 4258 1888 4308 du-

822 4341 1035 4398 centos;
1069 4349 1135 4384 ex
1171 4336 1419 4401 Hispanis
1448 4336 1515 4386 ad
1544 4343 1666 4386 octo
1695 4335 1888 4386 millia:

824 4413 1030 4478 equites
1062 4413 1271 4464 omnino
1294 4413 1455 4464 millia
1475 4428 1599 4467 sex:
1636 4411 1887 4480 additque

1963 2957 2131 3021 ipsum
2163 2954 2509 3006 Hannibalem
2541 2953 2594 3004 id
2626 2959 2870 3004 testatum
2893 2965 3032 3015 esse,

1965 3033 2138 3100 posita
2186 3031 2327 3097 apud
2385 3032 2650 3082 Lacinium
2701 3030 3032 3080 Bruttiorum

1966 3110 2373 3174 promontorium
2414 3109 2571 3174 juxta
2613 3109 2893 3158 Crotonem
2942 3119 3034 3156 co·

1964 3186 2160 3246 lumna,
2198 3185 2250 3233 ln
2294 3198 2398 3249 qua
2438 3196 2704 3233 numerum
2751 3182 2910 3232 totins
2949 3181 3033 3231 sni

1965 3261 2226 3311 exereitus
2265 3260 2636 3323 descripserat.
2717 3257 2858 3308 Hinc
2895 3255 3032 3308 forte

1965 3352 2152 3388 nomen
2197 3336 2318 3388 huic
2367 3335 2718 3402 promontorio
2767 3333 2992 3384 inditum
3016 3348 3034 3385 ε

1965 3415 2162 3466 dicitur
2208 3414 2345 3465 enim
2393 3415 2526 3478 cho
2565 3413 2686 3464 delle
2731 3412 2940 3463 Colum
2977 3411 3038 3462 in

1968 3491 2230 3542 Calabria.

2029 3577 2056 3613 8
2088 3568 2154 3618 1,-
2195 3565 2392 3618 Ciacius
2424 3565 2722 3630 Alimentus]
2765 3564 2872 3615 Hic
2910 3563 3037 3616 Cin·

1965 3645 2078 3697 cius
2101 3647 2314 3710 equalis
2333 3644 2438 3696 fnit
2461 3647 2605 3696 Fabii
2629 3643 2872 3704 Pictoris,
2893 3643 3038 3707 ejus-

1967 3739 2070 3789 que
2091 3724 2326 3774 meminit
2346 3724 2526 3774 Livius
2545 3722 2638 3771 lib.
2661 3733 2762 3770 vu.
2827 3720 3036 3770 Memo-

1967 3807 2116 3851 rstur
2138 3807 2194 3851 et
2213 3801 2304 3853 lib.
2321 3813 2478 3850 xxvr.
2501 3799 2638 3848 inter
2655 3795 2863 3862 eos,qui
2883 3795 3038 3846 Clau-

1967 3877 2054 3928 dio
2071 3877 2320 3928 Marcello
2337 3884 2394 3926 et
2412 3876 2489 3926 Μ.
2505 3873 2714 3924 Valerio
2729 3870 3036 3924 consulibus

1967 3963 2223 4019 praetores
2247 3952 2432 4003 creati.

2045 4029 2070 4064 Ι·
2110 4029 2281 4093 Magis
2335 4027 2576 4095 finxisse
2627 4023 2881 4076 verisintr'le
2933 4022 3038 4088 est]

1968 4107 2174 4156 Revera
2209 4104 2358 4155 multi
2392 4103 2659 4153 Gallorum
2694 4106 2751 4150 et
2785 4099 3039 4164 Ligurum

1968 4197 2086 4232 sese
2123 4179 2407 4233 Hannibali
2447 4187 2565 4244 post
2597 4177 2810 4242 Alpium
2849 4177 3039 4228 nansi-

1969 4265 2078 4308 tum
2101 4257 2466 4322 adjunxerunt,
2486 4261 2544 4306 ut
2566 4254 2706 4306 infra
2731 4254 3038 4306 videbimus.

2033 4333 2046 4367 ¹
2081 4332 2144 4383 Ia
2181 4331 2427 4395 Taurinis]
2463 4333 2584 4383 Non
2623 4338 2734 4383 tam
2767 4332 2822 4382 in
2853 4330 3040 4382 Tauri·

1969 4426 2150 4463 norum
2191 4411 2424 4476 regione,
2459 4424 2610 4476 quam
2651 4410 2706 4461 in
2746 4409 2859 4474 ejus
2899 4407 3041 4474 regi·
