3300 5225
773 454 950 523 1610

773 1200 945 1257 zonat.

1737 480 1805 531 T.
1852 480 2043 531 mvn

1099 622 1307 683 consul
1347 622 1664 697 animatus,
1690 644 1824 687 cum
1860 635 1925 687 et
1944 633 2151 707 suopte
2178 626 2413 706 ingenio
2439 627 2687 710 impiger
2706 636 2769 689 et
2792 628 2873 689 ad
2912 650 3009 691 res

1100 718 1386 798 gerendas
1424 720 1703 783 incitatus
1726 733 1899 795 emet,
1927 722 2212 805 Drepana
2234 724 2508 805 operibus
2532 724 2707 785 factis
2728 726 2965 788 obsedit
2986 748 3022 788 :-⁴

1099 835 1291 897 neque
1331 838 1404 879 eo
1442 819 1678 898 segnius
1703 818 1781 879 ad
1807 820 2075 900 praelium
2100 820 2336 893 navale,
2362 820 2521 902 quod
2557 822 2773 883 instare
2798 824 3009 904 praevi·

1098 910 1305 986 debat,
1329 914 1663 976 classiarios
1686 916 1901 977 milites
1925 918 2190 998 quotidie
2216 918 2503 990 exercuit,
2530 939 2601 979 eo
2626 940 2915 992 succeoeu,
2937 928 3009 981 ut

1098 1028 1248 1089 quos
1285 1012 1462 1073 rudes
1499 1013 1620 1073 fere
1662 1014 2082 1075 maritimorum
2115 1035 2358 1076 casuum
2400 1014 2754 1088 adduxerat,
2781 1017 2823 1077 ii
2860 1018 3009 1079 satis

1086 1108 1222 1185 jam
1264 1109 1342 1170 ad
1382 1109 1692 1191 quodlibet
1726 1111 2037 1173 discrimen
2074 1113 2287 1173 eruditi
2314 1113 2623 1195 paratique
2650 1112 3005 1177 viderentur.

1100 1204 1270 1267 Inter
1309 1206 1460 1280 haec,
1487 1228 1625 1268 cum
1664 1208 1804 1267 urbs
1846 1208 2259 1289 Drepanitana
2298 1219 2452 1271 terra
2485 1212 2749 1291 marique
2773 1232 3005 1293 oppug-

1097 1312 1356 1377 naretur,
1397 1307 1646 1385 jamque
1715 1306 1862 1365 muri
1912 1314 2081 1387 parte
2130 1304 2366 1386 dejecta
2417 1327 2510 1367 res
2564 1306 2887 1369 Poenorum
2944 1309 3005 1368 in

773 1402 1075 1455 ornando.
1095 1420 1324 1463 summo
1366 1402 1628 1484 periculo
1654 1412 1828 1473 esset,
1854 1402 2079 1475 consul,
2108 1402 2249 1464 dum
2280 1404 2429 1463 inter
2466 1404 2745 1484 primores
2769 1414 3006 1466 strenue

769 1856 910 1907 Butr-

1094 1518 1355 1579 pugnam
1399 1500 1540 1571 ciet,
1588 1520 1767 1579 grave
1814 1499 2025 1560 vulnus
2070 1501 2131 1560 in
2174 1499 2395 1561 femore
2442 1501 2705 1581 accepit:
2758 1504 3005 1583 ejusque

1095 1594 1360 1676 periculo
1400 1597 1801 1678 perterrefacti
1826 1597 2063 1667 milites,
2090 1605 2153 1657 et
2176 1596 2254 1658 ad
2278 1598 2543 1657 saucium
2567 1608 3004 1671 concurrentes,

1094 1690 1293 1752 locum
1308 1695 1442 1772 jam
1469 1714 1636 1775 paene
1664 1703 1903 1775 captum
1929 1694 2193 1755 omisere.

1178 1795 1278 1851 55.
1321 1789 1612 1851 Nondum
1654 1812 1821 1852 usum
1862 1791 2029 1873 pedis
2058 1800 2381 1874 receperat,
2406 1811 2544 1852 cum
2570 1791 2832 1853 maxima
2858 1790 3005 1855 Poe-

766 1922 1042 1975 nomn-2,
1097 1906 1302 1949 norum
1345 1888 1550 1949 classis
1594 1888 1799 1949 adesse
1840 1890 2156 1950 nuntiatur.
2261 1888 2475 1949 Nam
2514 1899 2683 1950 erant
2722 1888 3005 1970 quadrin-

765 1986 1076 2055 Polybaso.
1097 1993 1310 2065 gentae,
1336 1985 1565 2047 refertae
1601 1995 1932 2047 commeatu
1975 2006 2149 2067 quem
2190 1983 2269 2046 ad
2304 1988 2627 2047 exercitum
2660 1987 3004 2069 portabant,

767 2931 852 2977 14·

767 2990 906 3041 Eutr-

769 3055 926 3106 Diod·

1093 2082 1279 2165 copiis
1321 2084 1602 2165 praeterea
1645 2083 1896 2144 militum
1916 2085 2293 2166 upemagnis,
2340 2104 2747 2164 armorumque
2792 2093 2856 2144 et
2898 2104 3003 2166 pe-

1092 2180 1286 2240 cuniae
1325 2181 1685 2262 amplissimo
1722 2201 1983 2241 numero.
2070 2180 2331 2241 Summae
2367 2201 2561 2241 rerum
2596 2180 2826 2241 Hanno
2854 2201 3003 2262 prae·

1093 2286 1243 2349 erat,
1294 2278 1512 2339 nobilis
1564 2278 1824 2338 Poenus:
1880 2278 1981 2339 hic
2030 2298 2246 2357 magno
2296 2277 2493 2339 studio
2538 2277 2600 2337 id
2649 2279 2889 2357 agebat,
2936 2286 3005 2337 ut

1097 2374 1354 2458 Erycem
1379 2375 1661 2457 appulsus
1696 2395 1871 2436 onere
1899 2375 2127 2436 levatas
2160 2396 2341 2437 naves
2366 2376 2627 2456 acceptis
2651 2376 2729 2436 ab
2757 2374 3003 2435 Hamil-

1094 2492 1229 2533 care
1273 2474 1518 2533 strenuis
1554 2472 1693 2533 viris
1732 2472 2078 2555 compleret,
2104 2482 2283 2553 atque
2325 2473 2409 2533 sic
2450 2471 2665 2533 deinde
2699 2492 2837 2533 cum
2869 2472 3002 2535 Ro-

1095 2591 1273 2632 mana
1320 2572 1508 2632 classe
1562 2569 1921 2651 confligeret.
2032 2570 2315 2631 Ceterum
2372 2578 2721 2651 conceptum
2782 2571 3002 2651 optime

1094 2669 1404 2730 consilium
1446 2669 1524 2731 C.
1553 2669 1781 2729 Lutatii
1820 2667 2075 2730 consulis
2098 2668 2521 2748 circumspecta
2550 2666 2861 2748 prudentia
2884 2667 3001 2728 fre-

1094 2766 1203 2846 git.
1289 2766 1357 2827 Is
1395 2767 1551 2826 enim
1590 2765 1901 2826 victoriam
1942 2767 2002 2825 in
2031 2785 2103 2825 eo
2128 2764 2441 2826 consistere
2469 2772 2765 2845 reputans,
2790 2766 2841 2823 si
2866 2785 3003 2826 cum

800 2859 911 2913 Liv·
927 2875 1072 2913 ¹¹¹1·
1093 2863 1281 2924 classe
1325 2864 1489 2942 gravi
1525 2863 1759 2944 suisque
1800 2862 2183 2944 apparatibus
2222 2861 2507 2942 impedita
2528 2861 3002 2940 congrederetur,

1093 2970 1232 3020 ante
1272 2960 1428 3020 diem
1467 2977 1562 3020 v1.
1608 2958 1755 3020 Idus
1773 2961 1795 2996 ³
1842 2959 2117 3031 Martias,
2160 2967 2415 3019 assumto
2456 2959 2516 3018 in
2558 2977 2741 3018 naves
2778 2959 3004 3039 optimo

1095 3079 1330 3138 quoque
1369 3057 1642 3130 militum,
1687 3056 1765 3118 ad
1780 3061 1811 3098 4
1850 3057 2097 3136 AEgates
2136 3055 2375 3126 insulas,
2416 3063 2621 3116 contra
2668 3055 3003 3136 Lilybaeum

1079 3157 1380 3234 jacentes,
1419 3175 1771 3236 progressus,
1816 3153 2180 3214 Hannonem
2226 3154 2305 3212 ab
2349 3152 2724 3213 Hieronneso
2765 3153 3006 3236 venien-5

1091 3261 1212 3313 tem
1273 3253 1622 3335 conspexit:
1686 3261 1810 3312 tum
1864 3251 2279 3330 gubernatores
2328 3249 2665 3329 militesque
2714 3248 3003 3325 hortatus,

1093 3370 1350 3431 pugnam
1377 3349 1435 3409 in
1462 3349 1620 3410 diem
1646 3357 1986 3429 sequentem
2012 3348 2251 3408 indixit.

1178 3453 1278 3509 56.
1327 3447 1608 3508 Ceterum
1658 3455 1791 3507 orta
1839 3445 1999 3516 luce,
2048 3463 2271 3504 rursum
2322 3442 2601 3522 ambigua
2648 3442 3007 3504 consultatio

1094 3542 1242 3605 fuit:
1292 3543 1452 3626 quod
1495 3551 1701 3604 ventus
1743 3543 1899 3606 hosti
1944 3540 2169 3612 favens,
2219 3539 2513 3601 Romanis
2556 3539 2837 3602 advemus
2876 3559 3005 3601 sur·

1093 3650 1362 3704 rexerat:
1405 3661 1588 3723 quare
1603 3640 1855 3721 jactatis
1879 3640 2168 3719 utrimque
2196 3639 2505 3700 momentis
2528 3637 2841 3708 rationum,
2864 3657 3003 3699 cum

1093 3739 1290 3800 ventis
1313 3748 1375 3800 et
1401 3737 1710 3799 Hannone
1737 3736 1865 3798 solo
1890 3755 2150 3818 pugnare
2176 3734 2422 3796 classem
2448 3743 2718 3794 onustam
2744 3735 3001 3796 habente

1093 3835 1278 3896 satius
1315 3837 1526 3908 visum,
1554 3855 1733 3916 quam
1774 3834 2129 3915 permittere,
2157 3841 2225 3893 ut
2264 3830 2389 3904 ille,
2420 3832 2669 3892 navibus
2692 3853 2869 3892 onere
2912 3831 3000 3893 le·

1089 3933 1264 4004 vatis,
1283 3932 1482 3993 florem
1501 3931 1785 4014 pedestris
1799 3931 2049 4002 militiae,
2068 3930 2374 4011 ipsumque
2392 3925 2543 3988 adeo
2560 3927 2998 4002 Hamilcarem,

1089 4050 1209 4111 quo
1231 4029 1382 4090 nihil
1408 4051 1480 4090 eo
1505 4038 1769 4110 tempore
1797 4026 2226 4090 formidabilius
2241 4027 2592 4096 habebatur,
2618 4027 2677 4086 in
2698 4035 2998 4087 certamen

1089 4126 1428 4189 adduceret.
1499 4126 1717 4207 Itaque
1741 4126 2069 4208 conspectis
2094 4125 2344 4186 hostium
2371 4123 2642 4196 navibus,
2663 4143 2797 4204 quae
2816 4123 2999 4205 pleno

1161 4333 1192 4379 8
1229 4325 1314 4378 Its
1338 4328 1493 4380 Crev.
1513 4343 1578 4378 ex
1603 4328 1820 4391 Eutrop.
1873 4323 2011 4376 Edd.
2036 4325 2236 4392 priores
2253 4327 2363 4376 ante
2384 4321 2509 4375 dien
2536 4321 2659 4375 Vll.
2684 4321 2815 4374 Idus.

1160 4397 1192 4444 4
1227 4393 1290 4470 ln
1312 4393 1431 4446 edd.
1453 4401 1574 4447 ante
1597 4395 1751 4446 Crev.
1772 4393 1835 4447 sd
1856 4391 2023 4443 abest.
