3300 5225
1197 538 1347 589 mn.
1410 537 1656 590 xxm.
2317 523 2496 591 1885

306 691 385 738 8ο.
418 685 616 737 Petilia
648 684 701 736 iu
736 683 977 750 Bruttiis,
1010 684 1349 749 pertinaciter
1380 685 1619 750 defensa,
1667 691 1724 737 ot
1759 686 2038 738 Consentia
2083 687 2152 738 ab
2185 687 2500 751 Himilcone,

368 768 530 820 Croto
553 785 587 818 a
611 768 850 830 Bruttiis,
871 767 1179 834 capiuntur=
1216 779 1269 818 et
1292 769 1581 820 Locrenses
1603 770 1875 833 ceterique
1909 769 2018 834 ejus
2054 771 2280 834 regionis
2302 770 2500 834 populi,

368 857 563 915 pra-ter
587 850 867 914 Rheginos,
894 849 1191 901 desciscunt
1211 849 1279 900 ad
1315 850 1523 901 Poeuos.
1587 850 1670 900 Ad
1699 849 1908 901 eosdem
1931 849 2111 901 deficit
2131 852 2285 910 Gelo,
2307 853 2498 904 Hiero·

364 932 445 982 nis
469 932 633 996 tilius3
666 933 753 998 qni
775 937 945 983 tamen
980 940 1149 982 morte
1170 941 1461 998 opportuna
1485 932 1790 983 absumitur.
1856 933 1990 982 Ludi
2025 933 2215 984 dautur
2234 931 2503 997 funebres,

366 1013 587 1064 Romani
612 1013 904 1078 plebeiique
928 1021 1011 1064 ter
1030 1013 1403 1064 instaurantur.
1469 1014 1732 1064 Proetores
1768 1014 2056 1064 sortiuntur
2089 1015 2404 1079 provincias,
2441 1021 2500 1065 et

361 1095 441 1146 M.
466 1095 754 1146 Marcellus
784 1109 878 1160 pro
899 1094 1109 1146 consule
1142 1095 1415 1160 imperium
1452 1097 1665 1160 accipit.
1729 1099 1812 1145 81.
1846 1095 2057 1158 Duplex
2091 1097 2375 1161 imperatur
2406 1095 2498 1145 tri·

364 1175 551 1226 butum
573 1193 588 1224 ε
622 1183 676 1227 et
697 1184 907 1227 senatus
939 1177 1197 1238 deceruit,
1230 1191 1334 1243 quo
1368 1184 1423 1229 et
1458 1192 1488 1227 a
1520 1177 1704 1244 quihus
1741 1175 2034 1227 deducendi
2074 1177 2177 1228 sint
2213 1177 2498 1228 exercitus.

364 1257 588 1323 Equites
610 1258 878 1321 Campani,
899 1270 1013 1308 ccc.
1039 1257 1315 1324 stIpendiis
1348 1258 1401 1309 in
1424 1259 1600 1310 Sicilia
1623 1274 1738 1308 cum
1763 1258 1866 1308 tide
1900 1258 2150 1322 emeritis,
2171 1259 2384 1308 Romam
2410 1272 2499 1309 ve·

362 1339 531 1396 niuut,
554 1336 789 1404 fiuntque
808 1339 950 1389 cives
974 1339 1212 1390 Romani.
1276 1339 1340 1390 In
1362 1339 1529 1390 locum
1551 1339 1613 1390 L.
1638 1340 1890 1391 Postumii
1914 1339 2132 1404 primum
2161 1339 2235 1389 M.
2252 1336 2499 1390 Claudius

362 1420 651 1470 Marcellus
682 1420 861 1470 consul
883 1419 1154 1483 sufficitur,
1188 1420 1300 1481 sed,
1334 1422 1454 1486 quia
1475 1423 1517 1473 is
1538 1422 1666 1473 vitio
1687 1428 1895 1472 creatus
1920 1420 2145 1485 videtur,
2167 1435 2285 1471 mox
2309 1421 2374 1474 Q.
2401 1420 2502 1470 Fa·

362 1501 483 1553 bius
517 1501 778 1552 Maximus
813 1516 901 1552 nr.
977 1501 1229 1567 Prodigia
1262 1503 1559 1568 expiantur.
1638 1507 1724 1553 82.
1756 1498 1891 1553 Novi
1932 1502 2264 1568 magistratus
2294 1501 2498 1567 ipsique

365 1590 638 1648 praetores,
655 1580 721 1631 ad
747 1582 837 1648 jus
858 1582 1135 1633 dicendum
1159 1583 1345 1640 creati,
1382 1584 1437 1634 in
1470 1582 1766 1648 provincias
1801 1581 2212 1645 proficiscuntur.
2281 1583 2500 1633 Cartba-

366 1663 631 1728 ginienses
654 1671 829 1715 autem
854 1679 971 1715 cum
988 1664 1236 1716 classibus
1258 1664 1527 1731 copiisque
1547 1663 1598 1713 in
1623 1664 1930 1727 Hispaniam
1955 1664 2172 1715 mittunt
2193 1662 2498 1728 Magonem,

366 1750 421 1795 et
445 1745 831 1804 Hasdrubalem
864 1747 1079 1797 Calvum
1112 1745 1165 1796 iu
1188 1745 1499 1811 Sardiniam,
1523 1761 1625 1814 quo
1646 1745 1992 1813 Hampsicora
2021 1746 2211 1814 aliique
2235 1745 2500 1812 principes

366 1827 627 1890 legatione
650 1826 975 1879 clandestina
996 1843 1086 1878 eos
1106 1835 1438 1880 vocaverant.

306 1912 388 1959 88.
436 1909 713 1974 Philippus
750 1909 1097 1960 Macedonum
1132 1924 1225 1960 rex
1258 1909 1321 1960 ad
1354 1909 1549 1961 Poenos
1590 1909 1755 1962 mittit
1787 1911 2005 1974 legatos,
2050 1909 2137 1975 qui
2181 1910 2401 1975 primum
2443 1907 2497 1960 in

368 1991 623 2054 Romana,
642 1989 831 2042 deinde
868 1991 920 2042 in
954 1990 1263 2042 Hannibalis
1299 1998 1471 2043 castra
1509 1991 1840 2056 perveniunt,
1876 1991 2150 2057 fedusque
2185 2005 2304 2042 eum
2341 2005 2406 2041 eo
2445 1998 2501 2040 et

364 2073 645 2124 amicitiam
672 2073 916 2140 jungunt.
978 2078 1062 2124 84.
1092 2073 1315 2124 Eosdem
1350 2088 1465 2124 cum
1501 2072 1754 2140 Gisgone,
1787 2073 2031 2138 Bostare,
2067 2080 2123 2124 et
2156 2074 2382 2139 Magone
2419 2087 2503 2122 re-

360 2153 585 2205 deantes
596 2154 810 2221 jamque
847 2163 1090 2206 tenentes
1124 2155 1288 2206 altum
1324 2155 1543 2206 Romani
1575 2163 1979 2220 persequuntur,
2009 2163 2065 2207 et
2095 2155 2500 2220 comprehensos

364 2236 583 2286 Romam
609 2237 675 2286 ad
697 2245 931 2287 senatum
954 2236 1186 2288 mittunt.
1249 2239 1316 2290 Q.
1351 2237 1559 2287 Mucius
1584 2237 1820 2288 Scaevola
1857 2243 2050 2302 praetor
2083 2236 2135 2286 iu
2172 2234 2414 2287 Sardinia
2445 2237 2498 2286 in

364 2317 579 2382 longum
600 2318 786 2369 incidit
810 2317 1060 2378 morbum,
1100 2327 1155 2369 et
1186 2319 1307 2370 bine
1342 2333 1406 2369 eo
1435 2319 1497 2370 Τ.
1531 2317 1756 2369 Manlius
1793 2318 2088 2384 Torquatus
2122 2332 2238 2368 cum
2280 2317 2500 2382 imperio

364 2399 615 2450 mittitur.
680 2399 879 2450 Eodem
903 2399 1071 2450 tendit
1101 2399 1436 2451 Hasdrubal:
1468 2400 1562 2451 sed
1589 2400 1789 2457 classis,
1818 2400 1901 2450 cui
1941 2407 2153 2465 praeest,
2190 2398 2334 2450 foeda
2367 2406 2499 2450 tem-

362 2485 573 2544 pestate
595 2487 785 2531 vexata
804 2481 867 2530 ad
906 2481 1139 2532 Baliares
1176 2481 1367 2532 insulas
1389 2482 1647 2548 dejicitur.
1715 2485 1798 2532 85.
1835 2481 2105 2546 Campani,
2143 2487 2200 2531 ut
2235 2479 2357 2531 dolo
2395 2480 2502 2530 Cu·

362 2576 545 2613 manos
561 2577 667 2613 suae
694 2561 905 2613 ditionis
925 2561 1139 2627 faciant,
1169 2577 1345 2615 eorum
1374 2572 1614 2616 senatum
1642 2562 1706 2615 ad
1731 2577 2002 2615 commuue
2025 2570 2321 2630 statumque
2341 2563 2500 2613 sacri·

362 2642 541 2694 ficium
576 2644 641 2695 ad
670 2644 867 2695 Hamas
899 2644 1193 2697 faciendum
1226 2646 1467 2709 invitant,
1504 2660 1601 2696 uec
1623 2646 1808 2710 procui
1828 2645 1947 2695 inde
1982 2646 2034 2695 iu
2068 2645 2276 2695 occulto
2299 2644 2499 2695 Marius

363 2723 557 2791 Alfius,
598 2727 1139 2791 medixtuticus,·cum
1186 2741 1305 2780 xxv.
1340 2728 1563 2779 millibus
1601 2735 1912 2778 armatorum
1948 2725 2200 2776 considet.
2281 2726 2500 2776 Cumani

362 2816 562 2866 autem,
586 2808 770 2873 quibus
805 2806 944 2858 fraus
965 2816 1209 2872 suspecta
1247 2816 1347 2872 est,
1374 2826 1481 2861 rem
1517 2809 1759 2860 nuntiant
1795 2808 1878 2858 Ti.
1915 2806 2217 2872 Sempronio
2252 2805 2498 2858 Graccho

363 2906 474 2941 cos.
506 2891 594 2956 qui
618 2892 762 2941 circa
782 2890 1047 2941 Liternum
1071 2891 1265 2941 stativa
1284 2890 1457 2941 babet.
1522 2890 1579 2941 Is
1602 2890 1776 2940 media
1797 2896 1952 2939 nocte
1975 2890 2264 2953 Campanos
2302 2888 2353 2937 iu
2389 2901 2498 2938 cas·

364 2974 464 3023 tris
489 2973 757 3038 opprimit,
785 2973 1075 3039 multosque
1107 2973 1403 3023 obtruncat.
1466 2974 1549 3022 86.
1582 2971 1780 3023 Castris
1819 2970 2040 3020 bostium
2078 2969 2274 3034 potitus
2305 2968 2496 3021 Cumas

359 3069 419 3105 se
442 3067 664 3121 propere
679 3054 888 3119 recipit,
911 3062 967 3105 et
987 3068 1105 3103 mox
1138 3054 1202 3103 ab
1225 3052 1517 3104 Hannibale
1552 3061 1901 3118 oppugnatur.
1967 3056 2050 3103 87.
2084 3049 2236 3101 Poeui
2267 3052 2497 3117 eruptio-

361 3150 429 3187 ne
454 3150 519 3186 εκ
538 3134 731 3201 oppido
756 3134 896 3185 facta
917 3133 1185 3202 fugantur,
1203 3144 1258 3186 et
1278 3134 1339 3185 ad
1365 3132 1545 3185 Tifata
1565 3134 1785 3185 redeunt
1811 3132 2006 3185 infecta
2031 3148 2104 3184 re.
2171 3131 2365 3184 Iisdem
2387 3133 2501 3183 die-

361 3218 458 3268 bus
480 3217 671 3268 Hanno
692 3232 724 3269 a
744 3218 827 3268 Ti.
859 3218 1164 3282 Sempronio
1192 3218 1371 3281 Longo
1403 3232 1471 3266 ex
1492 3215 1681 3267 finibus
1705 3216 1928 3267 Lucanis
1969 3215 2022 3266 in
2052 3214 2289 3265 Bruttios
2322 3214 2497 3279 repel-

360 3300 511 3363 litur,
557 3305 615 3349 et
650 3300 751 3350 tria
790 3300 1129 3367 Hirpinorum
1166 3299 1363 3366 oppida
1396 3300 1446 3349 vi
1484 3300 1811 3365 recipiuntur
1844 3298 1971 3348 aM.
2008 3296 2220 3347 Valerio
2254 3304 2499 3362 pretore.

362 3384 448 3431 88.
484 3380 719 3446 Philippi
742 3379 1124 3446 Poenorumque
1145 3382 1303 3446 legati
1336 3381 1595 3432 ducuntur
1626 3382 1860 3438 Romam,
1899 3386 1957 3430 et
1991 3380 2172 3429 classis
2201 3392 2250 3429 ι.
2287 3378 2497 3429 navium

360 3470 729 3528 paratur,un
753 3477 923 3525 regem
956 3464 1006 3513 in
1030 3463 1341 3514 Macedonia
1361 3464 1648 3515 contineat.
1715 3466 1795 3513 89.
1830 3462 2048 3527 Legatio
2066 3460 2170 3512 alia
2193 3478 2224 3511 a
2248 3460 2497 3525 Philippo

361 3545 427 3594 ad
464 3543 812 3594 Hannibalem
848 3544 1088 3601 mittitur,
1122 3560 1239 3611 quae
1273 3559 1525 3611 prospere
1559 3544 1664 3593 fert
1693 3558 1756 3595 ac
1793 3541 1956 3593 refert
1977 3542 2240 3593 mandata.
2305 3541 2498 3592 Fabius

362 3634 473 3677 tres
498 3626 873 3690 Campanorum
894 3625 1049 3676 urbes
1073 3625 1122 3675 vi
1146 3626 1305 3691 capit,
1324 3634 1380 3678 et
1398 3625 1476 3676 M.
1491 3624 1777 3675 Marcellus
1801 3639 1943 3690 proc.
1979 3625 2030 3674 iu
2047 3623 2343 3689 praesidium
2361 3623 2502 3674 redit

360 3708 576 3771 Nolam,
596 3707 681 3758 ubi
708 3705 852 3772 plebs
874 3706 1043 3757 adbuc
1064 3722 1311 3759 novarum
1333 3722 1501 3758 rerum
1525 3715 1581 3758 et
1600 3706 1911 3758 Hannibalis
1933 3712 2045 3757 tota
2067 3711 2164 3757 est.

301 3794 383 3841 40.
416 3785 465 3838 A
487 3789 548 3840 Τ.
570 3789 768 3839 Manlio
802 3788 855 3839 iu
897 3788 1135 3839 Sardinia
1171 3790 1391 3854 primum
1429 3789 1669 3853 Hiostus,
1702 3787 2060 3851 Hampsicorae
2103 3786 2264 3853 filius,
2307 3784 2496 3837 deinde

365 3880 521 3936 pater
543 3872 651 3937 ejus
684 3877 742 3922 et
762 3870 1080 3936 Hasdrubal,
1119 3872 1205 3937 qui
1227 3871 1407 3937 copias
1433 3871 1743 3937 junxerant,
1781 3870 2074 3921 vincuntur.
2141 3872 2227 3919 41.
2261 3867 2492 3919 Hasdru·

365 3954 471 4014 bal,
496 3952 705 4015 Hanno,
727 3958 913 4003 auctor
936 3950 1248 4009 rebellionis,
1270 3958 1327 4003 et
1345 3952 1525 4017 Mago,
1546 3951 1842 4017 propinqua
1859 3949 2174 4016 cognatione
2209 3946 2496 4000 Hannibali

352 4036 589 4100 junctus,
628 4033 731 4083 vivi
755 4034 1031 4099 capiuntur
1042 4052 1059 4097 3
1090 4034 1307 4085 Hiostus
1341 4034 1394 4084 iu
1426 4034 1539 4085 acie
1575 4034 1752 4095 eadit3
1785 4032 2126 4096 Hampsicora
2149 4036 2368 4081 mortem
2395 4030 2496 4081 sibi

360 4118 475 4182 ipse
497 4115 807 4177 consciscit3
839 4116 1058 4173 Coruus,
1094 4112 1427 4179 fugitivorum
1458 4114 1867 4179 receptaculum,
1906 4118 2254 4177 expugnatur.
2285 4119 2341 4161 et
2376 4111 2496 4162 alim

364 4199 611 4249 civitates
628 4212 743 4248 sese
764 4197 983 4249 dedunt.
1048 4196 1292 4248 Sardinia
1314 4198 1389 4249 sic
1412 4196 1708 4263 perdomita
1729 4194 1958 4246 Manlius
1981 4207 2098 4244 cnm
2117 4192 2338 4243 navibus
2359 4206 2496 4257 prae·

363 4280 435 4330 da
459 4280 661 4329 onustis
682 4278 901 4329 &mam
922 4278 1079 4330 redit.
1146 4280 1253 4330 Per
1286 4278 1423 4329 idem
1456 4286 1666 4343 tempus
1695 4278 1758 4327 Τ.
1797 4276 2060 4328 Otacilius
2101 4280 2298 4338 praetor
2331 4272 2493 4338 depo·

367 4360 579 4426 palatur
612 4372 791 4425 agrum
830 4360 1325 4428 Carthaginiensem,
1359 4369 1416 4412 et
1447 4375 1513 4411 ex
1549 4361 1713 4410 classe
1747 4356 2108 4414 Hasdrubalis,
2144 4352 2378 4406 Africam
2411 4368 2494 4406 re-

362 4448 602 4508 petente,
622 4448 825 4506 septem
848 4442 991 4508 capit
1024 4454 1198 4493 naves.
1265 4442 1529 4493 Bomilcar
1566 4454 1684 4493 cum
1717 4437 1864 4489 novis
1897 4435 2144 4517 militibus
2177 4434 2493 4501 Cartbagine
