3300 5225
779 509 954 578 1596

1845 321 1885 368 O

1755 525 1823 575 ·1·.
1872 527 2063 578 mvn

1185 677 1289 734 26.
1332 669 1479 734 Non
1518 669 1695 754 longo
1734 682 1869 755 post
1904 683 2191 756 tempore,
2218 671 2424 734 Poenis
2455 667 2651 732 adhuc
2688 667 3001 729 stationem

777 761 1084 836 mlh-15⁹·
1105 765 1186 829 ad
1226 767 1537 850 Halycum
1577 789 1809 830 amnem
1837 770 2211 843 habentibus,
2239 770 2312 831 L.
2337 769 2379 829 J
2381 769 2551 829 unius
2572 765 2800 838 consul,
2826 764 3003 824 rebus

780 1753 962 1824 Polyb.

818 2908 964 2963 010⁸.
980 2923 1058 2964 tv.

789 3606 926 3660 Bne.
946 3607 986 3661 1.
1004 3620 1072 3656 n.

791 3786 907 3841 nv.
929 3785 1065 3855 ειμι.

793 3869 916 3905 811·

783 3916 966 3987 ruys.

1101 885 1353 947 quarum
1393 866 1584 945 gratia
1621 865 1931 948 Syracusis
1952 868 2289 928 substiterat
2311 865 2608 948 perfectis,
2632 870 2845 945 praeter
2870 860 3003 922 Pa-

1101 961 1361 1045 chynum
1399 963 1856 1045 promontorium
1895 962 2033 1025 vela
2072 962 2403 1046 Lilybaeum
2442 981 2642 1026 versus
2678 959 2923 1029 faciens,
2964 976 3007 1016 a

1101 1058 1566 1142 speculatoribus
1607 1057 1987 1122 Carthalonis
2024 1069 2373 1144 conspectus
2405 1068 2515 1125 ent.
2600 1055 2911 1126 Carthalo,
2940 1074 3005 1114 ῐθ

1103 1158 1398 1232 nuntiata,
1423 1168 1646 1239 quanta
1677 1166 1869 1242 potest
1891 1159 2195 1220 celeritate
2218 1159 2457 1223 obviam
2478 1153 2708 1218 consuli
2742 1151 3005 1236 proficis-

1103 1255 1280 1328 citur,
1303 1254 1507 1336 ignaro
1531 1275 1733 1317 eorum
1757 1275 1892 1337 quoe
1911 1255 1991 1316 ad
2018 1253 2403 1317 Phintiadem
2424 1261 2593 1334 gesta
2615 1258 2841 1312 essent:
2883 1266 3005 1329 quo

1104 1349 1437 1432 longissime
1477 1371 1517 1414 a
1550 1359 1905 1434 quaestorum
1944 1351 2131 1414 classe
2165 1372 2301 1413 cum
2327 1350 2433 1417 illo
2455 1349 2785 1420 dimicaret,
2812 1363 3007 1426 neque

1096 1447 1300 1528 juvari
1337 1448 1442 1510 ille
1479 1448 1658 1510 facile
1696 1470 1737 1511 a
1773 1451 1894 1511 suis
1916 1458 2129 1533 posset.
2211 1447 2437 1512 Consul
2460 1447 2686 1508 eminus
2708 1443 2837 1506 visa
2862 1443 3007 1504 1>oe-

1106 1564 1316 1607 norum
1336 1545 1546 1620 classe,
1570 1567 1709 1609 cum
1734 1567 1925 1630 neque
1946 1546 2259 1628 confligere
2279 1543 2542 1616 auderet,
2563 1561 2755 1624 neque
2780 1540 3007 1602 bostem

1105 1643 1418 1705 instantem
1456 1643 1713 1724 effugere
1752 1651 1968 1726 posset,
1982 1647 2171 1725 juxta
2197 1641 2579 1710 Camarinam
2604 1640 2665 1700 in
2691 1638 2887 1699 locum
2914 1657 3008 1697 as·-

1104 1758 1311 1822 perum
1350 1748 1414 1802 et
1451 1741 1871 1822 importuosum
1910 1761 2093 1803 naves
2137 1738 2360 1820 adigit3
2416 1745 2637 1800 metum
2680 1734 2839 1795 hunc
2878 1733 3007 1795 vin-

1103 1845 1276 1899 cente
1317 1836 1437 1898 alio
1467 1839 1692 1918 majore
1732 1846 1915 1912 metu,
1957 1859 2033 1899 ne
2071 1837 2241 1899 aliter
2276 1837 2578 1916 universus
2614 1831 2909 1894 exercitus
2948 1830 3009 1890 in

1105 1943 1455 2018 potestatem
1496 1933 1753 1997 hostium
1794 1927 2113 1998 deveniret.
2197 1931 2487 1998 Carthalo
2526 1929 2734 1992 eadem
2760 1927 2896 1988 loca
2920 1927 3011 1988 in-

1105 2039 1261 2092 trare
1285 2051 1402 2093 non
1429 2052 1625 2106 ausus,
1646 2032 1726 2093 ad
1752 2033 2209 2116 promontorium
2235 2029 2535 2113 quoddam
2552 2026 2793 2088 stationi
2812 2023 3011 2086 locum

1103 2128 1290 2210 capit,
1315 2129 1404 2190 ita
1439 2131 1640 2202 situm,
1670 2139 1737 2190 ut
1774 2128 1913 2190 inde
1938 2131 2158 2210 pariter
2182 2130 2242 2191 in
2268 2136 2576 2207 utramque
2602 2122 3013 2185 Romanorum

1105 2223 1356 2288 classem
1380 2227 1639 2288 intenms
1662 2247 1787 2288 esse
1814 2233 2034 2308 posset.

1188 2328 1290 2388 27.
1333 2319 1556 2405 Neque
1597 2323 1783 2385 multo
1823 2332 1979 2404 post,
2006 2321 2193 2385 ventis
2230 2319 2517 2383 violenter
2548 2318 2848 2393 flantibus,
2874 2340 3014 2382 cum

1108 2418 1362 2499 ingentis
1399 2421 1765 2504 tempestatis
1802 2421 1971 2500 signa
2002 2417 2573 2498 Carthaginiensium
2598 2418 3017 2498 gubernatores

1109 2536 1302 2578 rerum
1342 2515 1582 2578 istarum
1622 2519 1796 2599 periti
1838 2517 2143 2589 vidissent,
2189 2513 2539 2576 Carthaloni
2582 2523 3014 2596 persuaserunt,

1109 2614 1200 2675 uti
1247 2614 1457 2677 relicta
1502 2635 1684 2696 quam
1732 2622 1973 2697 ceperat
2018 2614 2271 2676 statione
2320 2610 2683 2695 Pachynum
2732 2610 3015 2675 flecteret.

1112 2708 1218 2772 Ita
1253 2732 1364 2773 nec
1385 2712 1511 2773 sine
1535 2731 1752 2792 magno
1776 2711 1978 2773 labore
2003 2711 2126 2773 vim
2154 2710 2519 2791 tempestatis
2544 2709 2786 2771 Punica
2810 2709 3019 2771 classis

1109 2808 1336 2889 effugit.
1419 2810 1516 2870 At
1554 2807 1963 2870 Romanorum
2003 2816 2251 2889 utraque
2290 2806 2493 2868 classis
2518 2808 2667 2867 inter
2697 2826 2847 2868 saxa
2872 2828 3016 2869 cau-

1108 2912 1314 2987 tesque
1353 2904 1717 2989 deprehensa
1756 2905 2023 2967 funditus
2045 2905 2285 2979 interiit,
2312 2905 2398 2965 uti
2426 2924 2500 2964 ne
2525 2903 2734 2965 tabula
2771 2904 3018 2985 quidem

1110 3000 1237 3062 ulla
1260 3000 1444 3063 ullius
1465 3023 1602 3063 usus
1625 3022 1702 3063 ex
1730 3000 2039 3081 naufragio
2062 3002 2291 3083 reliqua
2314 3001 2493 3063 fuisse
2518 3000 2825 3073 credamr3
2869 3000 3019 3063 dua-

1109 3098 1224 3160 bus
1260 3098 1526 3182 exceptis
1565 3098 1856 3171 navibus„
1876 3100 2091 3180 quibus
2131 3108 2337 3181 postea
2378 3098 2608 3170 consul,
2644 3095 2900 3179 reliquos
2937 3120 3018 3161 ex
3124 3152 3128 3155 .

1111 3214 1187 3257 ea
1237 3193 1408 3256 clade
1459 3194 1677 3256 milites
1725 3196 2085 3277 remigesque
2142 3216 2341 3259 secum
2391 3194 2632 3269 ducens,
2685 3194 3019 3276 Lilybaeum

1111 3292 1399 3375 pervenit.
1483 3292 1630 3353 Hoc
1670 3292 1979 3374 naufragio
2006 3313 2185 3355 naves
2210 3312 2346 3375 quae
2372 3313 2663 3355 annonam
2704 3295 3023 3377 portabant

1111 3408 1339 3463 omnes,
1364 3388 1572 3470 longas
1601 3410 1779 3471 supra
1811 3398 2050 3451 centum
2090 3392 2328 3473 periisse
2361 3390 2681 3453 traditum:
2727 3392 3023 3452 exercitus

1109 3492 1310 3547 tamen
1336 3496 1568 3547 servata
1593 3506 1730 3568 pars
1752 3494 1864 3559 est,
1893 3476 2092 3548 multis
2116 3488 2177 3547 in
2200 3488 2395 3550 vicina
2422 3486 2623 3549 littora
2646 3488 3024 3548 enatantibus

1113 3582 1419 3663 ejectisve.

1197 3684 1300 3741 28.
1341 3678 1438 3742 At
1477 3690 1736 3753 senatus,
1764 3678 1867 3762 qui
1908 3680 2088 3763 paulo
2129 3689 2266 3745 ante
2302 3680 2385 3743 P.
2413 3678 2698 3742 Clodium
2720 3677 3024 3741 consulem

1114 3774 1197 3839 ob
1235 3796 1358 3838 rem
1393 3775 1551 3839 male
1591 3786 1817 3857 gestam
1856 3797 1935 3838 ex
1969 3774 2176 3840 Sicilia
2200 3784 2602 3850 revocaverat,
2628 3797 2767 3839 cum
2790 3776 3027 3858 insuper

1116 3872 1297 3935 tristis
1332 3872 1410 3934 de
1443 3872 1484 3933 J
1486 3874 1705 3935 uniana
1744 3873 1917 3936 clade
1952 3876 2189 3937 nuntius
2214 3873 2566 3947 advenisset,
2591 3874 2653 3935 in
2676 3872 2863 3936 classe
2889 3873 3025 3953 qui-

1115 3970 1253 4032 dem
1301 3990 1466 4052 spem
1515 3971 1733 4032 habere
1784 3970 1997 4032 desiit:
2050 3980 2308 4033 ceterum
2360 3971 2438 4032 ad
2490 3972 2716 4032 bellum
2765 3972 3027 4031 terrestri

1119 4066 1320 4128 Marte
1363 4067 1829 4150 prosequendum
1871 4070 2136 4129 'animum
2178 4068 2603 4149 consiliumque
2640 4076 2871 4128 strenue
2914 4066 3023 4129 ad-

1111 4165 1310 4228 vertit.
1419 4166 1507 4226 Et
1557 4164 1811 4249 Lilybaei
1858 4166 2099 4247 quidem
2151 4165 2514 4229 obsidionem
2564 4164 2719 4227 solvi
2768 4183 2887 4225 non
2934 4172 3029 4225 est

1112 4262 1341 4324 visum:
1383 4260 1489 4325 sed
1528 4262 1737 4325 datum
1779 4261 2004 4325 idoneis
2025 4262 2361 4327 hominibus
2386 4262 2707 4343 negotium,
2734 4268 2803 4323 ut
2827 4280 3029 4322 neces·

1114 4360 1271 4421 saria
1311 4359 1596 4423 exercitui
1627 4362 1795 4441 justo
1832 4368 2095 4443 tempore
2131 4361 2605 4422 subveherentur.
2706 4358 2890 4442 Spem
2930 4356 3026 4418 fa-

1114 4456 1337 4529 ciebat,
1381 4456 1540 4537 quod
1591 4458 1679 4518 uti
1725 4458 1872 4519 mari
1918 4457 2167 4533 Poenus,
2208 4457 2294 4519 ita
2333 4454 2648 4519 Romanus
2688 4465 2845 4517 terra
2886 4453 3025 4535 plus
