3300 5225
869 498 1075 547 mum
1127 496 1266 547 xx.
1313 496 1956 549 suppnumssu'rmm
2350 479 2513 548 1621

295 641 666 705 exciverunt.
759 642 996 705 Interes.
1032 642 1104 705 L.
1148 642 1427 705 Lentulus
1469 643 1697 717 consul,
1733 643 1836 725 qui
1870 641 1951 704 ad
1984 644 2191 723 Ligus-
2218 652 2353 705 Eutt.
2376 654 2410 704 1.
2435 668 2523 705 m.

290 742 444 802 ticos
482 739 633 801 fines
653 742 981 803 exercimm
1007 740 1359 814 abduxerat,
1403 762 1542 803 cum
1581 742 1897 822 Liguribus
1919 762 2195 824 prospere

289 838 532 900 collutis
571 838 752 919 signis
791 838 1120 901 dimicavit.
1204 838 1497 901 Deci-etus
1538 840 1717 920 igitur
1759 840 1815 901 ei
1868 839 2195 921 triumphus

289 944 404 1008 est,
430 956 610 1017 quem
648 935 824 997 duxit
865 936 1075 998 Idibus
1117 934 1596 999 Intercsleribus.
1680 936 1979 998 Auctores
2001 936 2207 997 habeo
2217 946 2350 997 Fasti
2361 946 2523 1013 capit.

289 1032 430 1095 illos
473 1034 726 1115 primum
767 1032 1039 1095 consules
1077 1032 1358 1096 Romanu
1397 1036 1568 1116 signa
1605 1044 1770 1097 trans
1812 1033 2055 1095 Padum
2080 1033 2192 1095 flu·
2251 1044 2461 1123 Eutrop.

287 1150 456 1192 vium
482 1132 858 1213 promovisse,
886 1130 1244 1213 diversisque
1260 1132 1478 1214 praeliis
1497 1132 1779 1213 Ligurum
1792 1141 1856 1192 et
1877 1130 2193 1193 Gallorum
2216 1110 2491 1241 {1⁸:⁰3ss

289 1227 638 1290 Insubrium
663 1228 973 1291 interfecte
996 1228 1185 1291 millia
1210 1239 1462 1311 quatuor
1487 1239 1550 1292 et
1571 1230 1803 1311 viginti,
1819 1238 2000 1311 capte
2024 1230 2194 1311 quin-
2218 1240 2341 1291 vidit
2378 1242 2519 1306 Pigh.
2645 1220 2653 1229 ’

285 1346 407 1407 que
433 1324 636 1387 fuine.
719 1324 842 1387 Sed
865 1326 1061 1388 verius
1085 1347 1210 1388 esse
1244 1336 1466 1410 putem,
1510 1328 1765 1389 tumultu
1794 1326 2061 1399 Gallico,
2090 1328 2192 1408 qui

285 1431 501 1505 posteo
539 1423 832 1484 maximus
855 1433 1091 1486 secutus
1115 1434 1226 1497 est,
1255 1424 1499 1486 Pedum
1525 1426 1855 1497 transitum,
1886 1424 2195 1487 Insubres-

283 1540 406 1600 que
431 1520 496 1581 in
520 1521 639 1581 suis
663 1520 900 1583 sedibus
923 1521 1085 1582 bello
1111 1530 1371 1585 tentatos
1395 1523 1644 1605 primum
1670 1522 1868 1584 fuisse.

367 1624 434 1680 8.
479 1619 610 1679 Sub
632 1617 788 1679 idem
815 1628 1047 1702 tempus
1069 1618 1148 1679 ud
1174 1618 1572 1681 Ptolemaeum
1609 1618 1861 1703 AEgypti
1886 1637 2081 1697 regem
2108 1615 2194 1677 le-
2217 1632 2352 1684 Eun.
2374 1633 2409 1683 1.
2433 1647 2527 1681 m.

281 1715 414 1793 gati
439 1716 604 1775 missi
631 1715 920 1777 auxilium
948 1716 1286 1778 obtulerunt
1311 1738 1448 1778 cum
1471 1718 1783 1779 Antiocho
1802 1725 1865 1777 et
1881 1716 2048 1797 Syris
2072 1714 2199 1775 bel·

282 1809 482 1874 lenti:
523 1813 744 1892 gratias
782 1814 906 1892 egit
945 1833 1088 1873 rex:
1139 1823 1400 1876 ceterum
1441 1816 1500 1876 in
1543 1815 1855 1897 praesentis
1895 1813 2007 1873 sibi
2049 1832 2198 1893 opus

282 1908 520 1971 auxilio
544 1930 672 1971 esse
697 1911 960 1990 negavit,
985 1911 1146 1992 quod
1173 1912 1548 1993 pactionibus
1569 1910 1801 1973 finitum
1818 1912 1951 1990 jam
1971 1908 2193 1970 bellum

282 2014 464 2067 emet.
552 2006 752 2069 Laetus
796 2007 1011 2069 deinde
1054 2007 1347 2069 Romanis
1389 2008 1676 2070 adventus
1726 2007 2015 2068 Hieronis
2053 2005 2191 2077 fuit,

282 2101 722 2185 Syracusarum
767 2106 956 2185 regis:
1013 2113 1300 2187 exceptus
1338 2107 1607 2167 omnibus
1651 2104 1988 2176 honoribus,
2039 2104 2195 2165 sicut

279 2220 488 2281 regem
512 2204 790 2276 amicum,
818 2212 881 2265 et
904 2204 1054 2265 bene
1079 2205 1373 2277 meritum,
1411 2212 1474 2265 et
1510 2205 1788 2264 meximae
1813 2202 2075 2263 victoriae
2100 2222 2195 2262 so-

281 2298 448 2359 cium
481 2302 764 2381 oportuit,
807 2301 1032 2383 populo
1080 2294 1360 2362 Romano
1399 2300 1658 2362 ducente
1702 2299 1894 2361 millis.
1932 2298 2191 2359 modium

281 2395 508 2457 tritici⁸
551 2395 709 2458 dono
731 2397 918 2459 dedit.
999 2398 1270 2460 Venerat
1295 2398 1372 2459 ud
1398 2397 1566 2460 ludos
1591 2396 1964 2480 spectandos,
1990 2396 2093 2476 qui
2132 2396 2191 2456 in

278 2501 628 2575 sequentem
672 2504 928 2555 annum!
965 2497 1420 2578 apperabenmr.
1519 2494 1691 2555 Nam
1736 2494 1861 2555 ludi
1902 2492 2195 2555 seculares

279 2589 468 2663 tertii,
497 2590 820 2653 secundum
835 2592 1144 2674 quosdam,
1171 2593 1256 2657 P.
1285 2591 1564 2655 Cornelio
1591 2592 1662 2654 L.
1695 2591 1766 2653 F.
1794 2590 1890 2653 Ti.
1918 2590 2008 2653 N.
2038 2590 2191 2651 Len·

278 2685 411 2747 tulo
443 2685 743 2761 Caudino,
792 2689 869 2751 C.
909 2689 1140 2752 Licinio
1163 2691 1246 2753 P.
1273 2691 1347 2752 F.
1376 2692 1461 2754 P.
1490 2690 1582 2753 N.
1609 2689 1781 2752 Varo
1806 2686 2189 2761 consulibus,⁵

276 2782 569 2846 celebrati
595 2795 766 2848 suut:
809 2797 877 2848 ut
899 2809 1076 2870 supra
1090 2809 1322 2871 quoque
1347 2788 1669 2850 retulimus.
1754 2786 2028 2867 Magistri
2054 2805 2189 2868 pro-
2228 2795 2382 2862 Supra
2396 2809 2520 2848 xxx.

277 2881 682 2944 curandorum
709 2885 982 2946 ludorum
1025 2885 1140 2947 Μ’.
1170 2885 1444 2948 AEmffius
1470 2883 1585 2947 Μ’.
1615 2885 1689 2946 F.
1734 2884 1830 2946 M.
1865 2883 2067 2946 Livius
2092 2881 2187 2944 M.
2212 2864 2519 2990 ggffipi„

280 2977 356 3038 F.
390 2977 494 3040 Μ.
521 2979 618 3045 N.
650 2980 948 3043 Salinator
971 2983 1177 3045 creati.
2212 3007 2293 3057 up.
2308 2989 2449 3056 Pigb.

358 3082 427 3138 9.
476 3076 762 3140 Boiorum
787 3080 1010 3141 interea
1036 3079 1349 3163 principes,
1374 3078 1518 3140 elati
1549 3079 1871 3141 numerosis
1908 3078 2187 3140 Transal-
2214 3089 2384 3140 Zona.

283 3173 563 3253 pinorum
591 3177 851 3249 auxiliis,
889 3176 966 3237 ed
991 3176 1262 3238 consules
1297 3177 1526 3248 misere,
1571 3177 1841 3258 petitum,
1873 3186 1938 3237 ut
1965 3176 2193 3237 Arimi·

280 3271 482 3333 nensis
512 3293 654 3353 ager
693 3294 830 3334 eum
871 3274 1039 3346 urbe,
1081 3293 1216 3355 qum
1263 3272 1427 3334 baud
1455 3273 1731 3352 ambigue
1776 3270 2003 3332 Gallici
2039 3272 2193 3352 juris

277 3378 502 3443 essent,
527 3371 638 3432 sibi
663 3371 1136 3433 restituerentur:
1179 3371 1240 3432 ni
1265 3368 1453 3443 fieret,
1481 3368 1705 3431 bellum
1732 3377 1902 3431 atrox
1926 3377 1990 3430 et
2012 3369 2189 3429 inter-

283 3469 564 3530 necivum
607 3469 1000 3530 minabantur.
1087 3467 1398 3540 Consules,
1441 3467 1544 3549 qui
1577 3465 1835 3528 nondum
1875 3467 2193 3527 contructis

281 3567 496 3649 copiis,
522 3585 712 3647 neque
733 3567 900 3627 casui
935 3566 1290 3648 paucitatem
1325 3585 1560 3625 suorum
1585 3563 1843 3643 objicere
1868 3563 2190 3637 audebant,

281 3685 480 3746 neque
523 3661 822 3745 postulatu
862 3661 1177 3725 Gallorum
1229 3661 1554 3724 concedere
1603 3669 1898 3743 poterent,
1950 3661 1999 3721 si
2046 3661 2190 3743 quid

283 3762 539 3834 vellent,
587 3761 665 3822 ad
689 3771 954 3822 senatum
981 3759 1298 3822 mittendos
1327 3779 1452 3821 esse
1477 3758 1703 3839 legatos
1728 3757 2185 3839 responderunt:
2324 3769 2333 3782 ’

279 3859 512 3942 placuit
536 3857 798 3920 conditio
840 3857 1064 3932 Gallis,
1107 3867 1188 3932 et,
1236 3856 1378 3918 dum
1402 3857 1485 3917 ire
1513 3875 1586 3918 uc
1617 3853 1807 3916 redire
1842 3854 2022 3937 legati
2051 3877 2182 3938 pos-

341 4033 374 4080 ε
405 4027 708 4082 consulib-2.
740 4029 896 4082 nme
912 4044 1028 4083 voc.
1047 4043 1164 4098 qun
1183 4028 1376 4080 onii-u
1393 4027 1550 4079 estin
1573 4025 1833 4093 prioribus
1846 4023 1967 4076 edd.
1985 4023 2191 4076 addidit

280 4095 518 4147 Crevier.

1047 4187 1416 4212 Omne

341 4300 371 4326 ⁸
387 4291 618 4344 nme·
629 4290 784 4342 millia
795 4289 1003 4342 nodis-⁸
1017 4287 1198 4354 tritici]
1282 4291 1426 4341 cm.

280 4355 494 4408 Rodios
575 4357 904 4409 Parisienses
983 4359 1197 4408 154166.
1341 4363 1370 4398 v
1403 4353 1470 4405 Α.
1493 4353 1562 4406 U.
1583 4353 1646 4404 C.
1666 4355 1785 4404 ⁸10.
1816 4348 1885 4403 A.
1906 4350 1971 4402 0.
1990 4353 2107 4402 8⁸0.
