3300 5225
802 508 975 576 1820
1749 526 1819 574 τ.
1867 525 2060 573 mvn

798 672 931 737 bus
959 690 1148 738 cavae
1179 690 1408 755 rupeS,
1452 676 1525 737 ut
1572 671 1886 754 quaedam
1921 690 2148 737 earum
2191 670 2489 736 ducenos
2517 672 2812 735 armatos
2841 686 3010 755 pos-

798 779 952 839 sent
993 793 1263 857 capere.
1352 772 1437 838 In
1482 773 1607 837 has
1651 774 1968 852 latebras,
2014 777 2181 857 quot
2221 792 2556 858 quemque
2583 771 2808 837 locum
2838 778 3007 855 apte

796 874 1082 942 insidere
1110 882 1449 961 poterant,
1478 874 1775 960 quinque
1819 875 2032 945 millia
2078 873 2443 940 conduntur
2485 872 2785 957 peditum
2813 873 3012 958 equi-

791 965 1204 1063 tumque.¹⁷¹⁸
1312 977 1588 1044 Necubi
1636 984 1862 1042 tamen
1931 982 2052 1042 aut
2119 984 2343 1043 motus
2412 974 2700 1060 alicujus
2761 980 3012 1041 temere

795 1080 1075 1162 egressi,
1122 1084 1252 1148 aut‘
1278 1078 1502 1163 fulgor
1528 1099 1862 1145 armorum
1911 1078 2218 1144 fraudem
2275 1079 2342 1144 in
2389 1078 2567 1143 valle
2625 1084 2765 1143 tam
2809 1095 3013 1161 aper-

792 1188 867 1247 ta
909 1181 1281 1267 detegeret3
1342 1182 1573 1247 missis
1634 1184 1876 1266 paucis
1933 1182 2148 1266 prima
2215 1183 2370 1248 luce
2432 1180 2520 1247 ad
2577 1180 3008 1267 capiendum,

793 1288 989 1367 quem
1048 1292 1207 1349 ante
1273 1284 1596 1363 diximus,
1664 1283 2018 1362 tumulum,
2086 1284 2322 1349 avertit
2383 1282 2623 1349 oculos
2684 1282 3004 1347 hostium.

794 1382 1022 1450 Primo
1057 1385 1286 1452 statim
1324 1391 1696 1471 conspectu
1738 1390 2065 1451 contemta
2109 1386 2459 1472 paucitas:
2504 1404 2588 1452 ac
2635 1374 2766 1451 sibi
2813 1386 3004 1469 quis-

792 1507 924 1570 que
952 1486 1317 1573 deposcere
1369 1488 1721 1573 pellendos
1766 1488 1917 1554 inde
1965 1487 2222 1555 hostes.
2309 1488 2423 1554 Ad
2451 1488 2677 1554 locum
2720 1488 3003 1573 capien—

792 1589 954 1655 dum
1009 1590 1147 1657 dux
1168 1591 1219 1631 ¹⁸
1285 1592 1437 1676 ipse
1500 1592 1671 1657 inter
1724 1591 2202 1659 stolidissimos
2265 1591 2848 1676 ferocissimosque
2908 1592 3002 1655 ad

791 1710 979 1758 arma
1023 1701 1264 1776 vocat;
1286 1701 1314 1729 ⁰
1358 1700 1425 1760 et
1466 1695 1664 1759 vanis
1700 1694 1940 1760 animis
1991 1700 2058 1759 et
2101 1694 2301 1759 minis
2349 1694 2657 1778 increpat
2703 1692 3000 1759 hostem.

790 1792 1134 1881 Principio
1177 1794 1389 1863 le'vem
1440 1803 1844 1863 armaturam
1890 1796 2224 1877 dimitam
2256 1797 2496 1862 deinde
2539 1796 2836 1862 conferto
2879 1815 3002 1878 ag·-

790 1900 970 1962 mine
1000 1899 1202 1964 mittit
1233 1900 1532 1983 equites:
1579 1904 1947 1983 postremo,
1989 1919 2142 1965 cum
2180 1901 2494 1966 hostibus
2537 1892 2806 1985 quoqu&
2839 1898 2996 1963 sub-

790 2000 968 2064 sidia
992 2002 1174 2087 mitti
1203 2002 1477 2081 videret,
1507 2002 1848 2068 instructis
1876 2002 2256 2086 legionibus
2284 1994 2611 2087 procedit.
2685 2000 2776 2066 Et
2803 2001 3002 2066 Han-

786 2102 990 2182 nibal,
1010 2103 1471 2171 laborantibus
1494 2107 1637 2171 suis
1662 2105 1795 2172 alia
1822 2109 2023 2190 atque
2053 2105 2211 2186 alia,
2236 2113 2576 2171 crescente
2608 2104 3000 2182 certamine,

788 2204 1061 2271 mittens
1093 2207 1355 2274 auxilia
1384 2208 1689 2292 peditum
1720 2208 2176 2292 equitumque,
2211 2206 2359 2292 jam
2395 2208 2648 2292 justam
2679 2206 2999 2290 expleve-

786 2311 891 2371 rat
920 2309 1159 2388 aciem,
1190 2330 1272 2376 ac
1305 2312 1460 2376 totis
1501 2311 1830 2395 utrimque
1869 2310 2124 2375 viribus
2165 2310 2559 2378 certabatur.
2646 2308 2875 2374 Prima
2903 2310 3004 2373 le·

786 2408 895 2471 vis
945 2418 1284 2477 armatura
1331 2410 1817 2489 Romanorum,
1868 2417 2416 2497 praeoccupatum
2473 2410 2784 2476 inferiore
2829 2411 2996 2476 loco

789 2513 1158 2579 succedens
1188 2514 1571 2593 tumulum,‘¹
1616 2513 1822 2599 pulsa
1867 2511 2276 2599 detrusaque
2316 2521 2629 2579 terrorem
2655 2513 2728 2577 in
2755 2532 2997 2580 succe-

1706 2677 1976 2700 OMOO
1981 2676 2070 2699 000

786 2776 1064 2841 Pomorum,
1080 2793 1217 2842 quen
1232 2780 1315 2844 qui
1326 2784 1742 2842 occupassem-16
1759 2779 1824 2830 In
1841 2779 1974 2830 Μαι.
1991 2777 2379 2844 quamplurimis
2393 2777 2816 2840 detegenda-1⁷
2834 2777 2852 2805 ‘
2871 2776 2999 2827 For-

786 2841 2342 2973 {325553‘52‘12‘322‘1‘3tff.‘35:;‘:.i‘2¹2.{3‘::.³2;.¹vittanffl‘zss
2360 2842 2996 2970 A..¹1:.,...,..'''.5,¹3‚¹.¹¹

782 2985 889 3020 cere
920 2973 1159 3034 pellendos
1188 2973 1297 3023 inde
1329 2975 1487 3025 hostes
1515 2991 1572 3024 ac
1603 2976 1757 3025 locum
1786 2974 2078 3038 capiendum.
2115 2975 2239 3024 Dux
2271 2981 2378 3024 cet.
2411 2971 2545 3023 bene
2577 2971 2716 3036 conj.
2749 2971 2996 3022 Perizon.

786 3034 893 3084 Sed
917 3051 1013 3099 pro
1037 3038 1291 3089 alterutro
1313 3055 1371 3089 ac
1390 3040 1493 3104 leg.
1512 3044 1579 3090 et.
1630 3039 1928 3105 Utrobique
1951 3036 2145 3100 frigere
2166 3037 2322 3089 verba
2341 3039 2408 3087 ed
2424 3039 2573 3087 loom
2593 3051 2698 3100 cap.
2720 3043 2776 3086 et
2795 3037 2994 3100 glossa—

787 3101 889 3149 tori
915 3101 1188 3153 tribuends
1210 3111 1362 3167 putat
1385 3105 1577 3155 Bauer.
1634 3105 1763 3155 Mox
1780 3103 2034 3168 suspicari
2057 3104 2249 3168 possis:
2283 3101 2518 3168 principio
2532 3103 2677 3152 leem
2696 3105 2994 3151 armaturam

783 3163 983 3229 mittit,
1004 3167 1174 3218 deinde
1194 3169 1377 3233 equites
1390 3185 1407 3218 .·
1436 3175 1672 3234 postremo
1691 3168 1902 3230 conserto
1923 3167 2114 3230 warine
2137 3201 2150 3218 .
2170 3202 2184 3217 .
2203 3202 2218 3218 .
2239 3173 2288 3218 et
2311 3167 2565 3217 Martis
2589 3165 2855 3228 leg-ionibus

783 3229 929 3281 cedit.
954 3265 970 3281 .
996 3265 1011 3280 .
1038 3265 1053 3282 .
1078 3233 1209 3284 Quis
1245 3232 1386 3284 ferre
1421 3235 1583 3298 possit
1614 3234 1824 3286 dissiliit
1855 3233 1938 3283 vel
1971 3232 2189 3284 demittit
2212 3266 2229 3283 .
2249 3266 2265 3283 .
2287 3266 2301 3282 .
2324 3231 2481 3283 mittit
2503 3263 2520 3280 .
2543 3263 2558 3280 .
2583 3267 2597 3282 .
2621 3230 2789 3282 asini?
2909 3230 2994 3280 ine

775 3293 891 3407 {3¹¹¹
915 3294 1079 3348 Gron.
1099 3303 1155 3348 et
1170 3297 1363 3350 Bauer.
1381 3297 1659 3350 delendum
1681 3305 1928 3365 putarunt
1948 3296 2178 3364 ainictu,
2195 3304 2288 3348 ant
2301 3300 2404 3363 leg·
2417 3295 2596 3347 eruduit
2614 3310 2709 3347 seu
2729 3293 2993 3346 inmittit?

838 3367 1005 3424 upert.

1779 3461 1997 3515 NOTAE

848 3561 873 3588 ¹¹
908 3555 1126 3621 Quinque
1160 3559 1315 3612 millia
1342 3561 1607 3611 masam
1634 3559 1847 3626 peditum
1926 3559 2018 3625 tit]
2052 3556 2198 3609 Alias
2229 3556 2454 3607 diadem.
2527 3552 2742 3608 Accede
2783 3567 2991 3604 eorrec-

781 3633 1101 3700 equitumque]
1113 3635 1362 3701 Polybius
1377 3637 1688 3703 quingentos
1701 3637 1843 3704 equi·
1927 3635 2058 3685 tioni
2075 3634 2348 3698 Gronovii,
2369 3632 2462 3698 qui
2483 3629 2661 3681 deleta
2684 3629 2852 3694 prima
2873 3631 2993 3680 lite-

782 3715 865 3760 tes
886 3718 1055 3772 notat,
1079 3721 1138 3762 ut
1161 3711 1357 3764 fuerint
1390 3715 1597 3779 pedites
1624 3721 1846 3780 quatuor
1925 3725 1982 3761 rs
2003 3718 2184 3762 censet
2219 3708 2548 3762 scribendum
2579 3707 2790 3758 emittit.-
2823 3720 2994 3772 neque

779 3784 943 3836 millis
961 3788 1249 3853 quingenti.
1924 3789 2060 3841 enlm
2084 3793 2307 3854 apparet
2325 3787 2611 3837 Minucium
2629 3784 2744 3834 loco
2759 3783 2993 3848 superio·

845 3871 870 3898 ⁰
900 3863 986 3914 Aa
1024 3879 1162 3916 arma
1187 3866 1349 3931 meat]
1382 3867 1534 3919 Dixit
1562 3874 1716 3926 vocat,
1748 3881 1844 3933 pro
1924 3879 1983 3918 re
2007 3873 2178 3918 castra
2200 3865 2463 3928 habuisse,
2481 3869 2542 3915 nt
2561 3861 2693 3912 levis
2725 3869 2993 3910 armatura

779 3952 845 3989 eo
870 3939 1007 4003 quod
1030 3952 1132 4005 est,
1154 3944 1218 3993 ad
1241 3958 1384 3995 arma
1408 3945 1712 4009 proclamat,
1733 3944 1844 3995 sive
1923 3943 1976 3994 in
1996 3943 2230 4010 planiore
2252 3941 2457 3993 demitti
2481 3953 2545 3991 ac
2560 3937 2884 3988 descendere
2901 3936 2994 3986 de-

783 4014 1119 4069 vociferando
1147 4019 1307 4084 jubet
1348 4035 1491 4072 arma
1531 4021 1684 4084 cepi:
1722 4020 1844 4070 alio-
1923 4022 2105 4073 beretz
2143 4018 2423 4088 quinetiam
2448 4029 2672 4082 agnosco
2697 4013 2825 4066 illud
2865 4027 2991 4079 quo-

782 4093 905 4156 qniu
953 4093 1226 4147 delendum
1270 4099 1373 4149 erit
1420 4098 1547 4149 illud
1592 4099 1740 4163 inter,
1783 4105 1844 4149 ut
1925 4112 2026 4164 que
2079 4097 2259 4147 ematur
2301 4093 2652 4145 necessarium
2699 4105 2804 4142 non
2839 4101 2993 4147 essez

776 4167 1107 4235 intelligutur
1160 4173 1424 4225 Minucius
1478 4174 1843 4225 stolidissimos
1923 4181 2102 4241 potest
2135 4174 2274 4223 enirn
2315 4172 2414 4222 boe
2446 4167 2731 4220 membrum
2771 4181 2878 4217 non
2917 4167 2994 4217 in-

783 4259 1013 4313 qnosqne
1048 4255 1105 4299 et
1128 4249 1474 4303 ferocissimos
1504 4250 1570 4301 ad
1592 4266 1735 4302 arma
1755 4265 1844 4301 vo·
1925 4247 2193 4300 commode
2218 4247 2326 4313 regi
2351 4262 2381 4297 a
2404 4243 2665 4310 sequenti,
2684 4243 2838 4293 mittit
2859 4241 2994 4306 equi-

784 4335 951 4373 easse.
1923 4334 2013 4379 m.
2981 4371 2988 4376 .

850 4406 876 4440 Ρ
911 4401 1077 4452 Lenem
1111 4409 1399 4454 amaturum
1422 4405 1626 4454 dimittit
1649 4403 1844 4468 [dmit-
1989 4413 2014 4448 «ι
2047 4405 2431 4465 Proeoecsputnm
2452 4398 2678 4460 inferiore
2707 4399 2805 4447 loeo
2837 4409 2992 4446 succe-
