3300 5225
64 4407 69 4482 i

804 595 1020 645 mam
1070 593 1242 644 xix.
1289 591 1628 644 surenam
1645 592 1931 643 numu.
2307 560 2477 643 1595

247 738 372 799 *snb
412 740 656 821 primam
699 736 890 798 lucem
926 758 1138 818 magno
1164 746 1377 800 terrore
1402 738 1688 809 invectus,
1715 758 1849 798 cum
1876 736 2011 798 aliis
2050 755 2161 796 na·-

261 838 422 896 vium
467 856 691 905 manus,
722 835 856 895 aliis
887 837 1080 914 ignem
1107 836 1393 914 injiceret,
1421 845 1481 895 et
1509 836 1566 895 in
1595 834 1905 896 Romanos
1930 834 2007 895 ad
2048 832 2153 893 de-

259 932 582 993 fensionem
634 934 870 993 navium
916 942 1280 993 accurrentes
1324 932 1633 1013 praefectus
1679 933 1836 993 urbis
1882 930 2156 993 Himilco

261 1030 648 1090 mercenarios
685 1030 1049 1110 eruptionem
1071 1027 1266 1090 facere
1279 1030 1570 1107 jussisset,
1595 1050 1812 1109 magna
1851 1031 1912 1090 in
1952 1028 2161 1092 castris

259 1126 576 1207 trepidatio
617 1123 771 1184 fuit:
833 1124 912 1185 ad
958 1135 1284 1186 extremum
1338 1126 1627 1188 Carthalo
1676 1126 1992 1189 confractis
2044 1148 2159 1188 non

261 1223 348 1282 ita
394 1222 613 1293 multis,
659 1221 918 1303 abreptis
954 1223 1237 1304 quinque,
1281 1222 1642 1287 Heracleam
1682 1244 1882 1284 versus
1926 1243 2158 1285 cursum

260 1319 504 1381 direxit.
2182 1321 2338 1373 Diod.

341 1424 446 1477 24.
491 1416 582 1478 Iis
619 1417 768 1478 locis
807 1418 1151 1489 excubanti,
1183 1438 1256 1477 ne
1298 1418 1432 1499 quis
1471 1416 1881 1481 Romanorum
1916 1428 2157 1499 'impune
2181 1387 2359 1455 P⁰¹5h

261 1514 597 1595 Lilybaeum
654 1515 980 1593 navigaret,
1031 1514 1327 1574 nuntiatur
1383 1516 1618 1575 navium
1684 1516 1873 1575 omnis
1930 1514 2159 1594 generis

257 1612 508 1671 classem
532 1611 694 1672 haud
721 1610 1114 1692 poenitendam
1142 1610 1476 1671 adventare.
1558 1611 1600 1671 J
1603 1632 1699 1671 am
1726 1611 1827 1671 me
1853 1610 2161 1694 praefectos

257 1708 412 1769 alios
457 1708 536 1769 ad
577 1730 639 1769 se
678 1707 1067 1789 pertrahendo
1111 1728 1292 1768 naves
1335 1703 1522 1768 bonas
1561 1707 1638 1768 ad
1679 1716 1915 1769 centum
1952 1706 2160 1787 viginti

256 1806 561 1866 effecerat.
644 1804 920 1866 Confisus
958 1806 1135 1884 igitur
1172 1805 1414 1876 viribus,
1457 1814 1518 1865 et
1556 1806 1848 1886 superiore
1888 1804 2159 1876 victoria,
2218 1804 2367 1854 Diod.
2388 1812 2440 1854 et

255 1904 570 1964 confestim
589 1903 883 1983 egreditur
907 1912 1101 1983 portu,
1121 1902 1602 1982 venientibusque
1629 1891 1902 1963 occurrit.
1972 1902 2164 1963 Juxta
2186 1870 2357 1937 P⁰¹5b'

258 2000 527 2061 Geloum
555 1999 719 2060 littus
741 2001 802 2059 in
839 2008 1215 2080 conspectum
1241 1998 1454 2059 classes
1478 2020 1724 2059 venere:
1767 2000 1870 2059 sed
1898 1999 2164 2065 Romani

255 2106 603 2179 quaestores,
629 2098 815 2176 impar
838 2104 1135 2156 certamen
1154 2097 1350 2165 veriti,
1377 2094 1453 2155 ad
1481 2094 1894 2169 Phintiadem,
1922 2099 2081 2178 quod
2104 2102 2165 2161 in

255 2196 532 2255 amicitia
555 2194 963 2255 Romanorum
989 2204 1116 2253 erat
1146 2191 1447 2274 oppidum,
1473 2191 1862 2254 deflexerunt.
1945 2196 2169 2257 Portus

258 2292 338 2352 ad
385 2290 775 2351 Phintiadem
815 2288 1010 2350 nullus
1041 2299 1166 2350 est:
1209 2298 1438 2349 tantum
1465 2298 1867 2371 procurrentes
1906 2292 1967 2350 in
2008 2314 2168 2354 mare

257 2399 448 2471 pe‘trae
488 2388 798 2449 stationem
833 2386 1084 2448 navibus
1107 2385 1266 2446 haud
1291 2406 1713 2466 usquequaque
1738 2386 2171 2451 incommodam

259 2487 550 2568 praebent.
623 2484 755 2545 Hic
780 2484 1156 2545 exscensione
1183 2481 1344 2544 facta
1369 2481 1636 2542 Romani
1658 2484 1918 2545 ‘hostium
1948 2484 2171 2547 adven-

259 2592 394 2645 tum
437 2582 705 2643 instructi
749 2581 1167 2664 expectabant,
1211 2579 1532 2661 catapultis
1579 2588 1757 2662 atque
1798 2581 2055 2644 ballistis
2092 2602 2171 2644 ex

259 2682 493 2764 oppido
533 2681 818 2752 advectis,
843 2689 904 2739 et
941 2699 1046 2761 pro
1082 2678 1280 2739 littore
1317 2677 1398 2738 ad
1421 2677 1669 2739 tutelam
1696 2682 1933 2743 navium
1973 2682 2173 2765 dispo-

345 2883 454 2937 25.
499 2873 1076 2954 Carthaginiensibus
1113 2873 1283 2933 initio
1316 2872 1620 2934 consilium
1645 2873 1840 2936 fuerat
1863 2875 2172 2937 obsidendi

263 2975 526 3043 hostem,
553 2991 729 3051 quem
770 2969 1057 3051 putabant
1095 2979 1256 3030 metu
1299 2970 1624 3050 perculsum
1668 2973 1864 3032 statim
1890 2972 2172 3054 refugitu-

263 3091 400 3130 rum
443 3069 506 3129 in
546 3066 830 3148 oppidum
871 3087 1017 3138 esse,
1055 3087 1348 3148 navesque
1392 3066 1469 3127 ad
1511 3067 1773 3148 praedam
1814 3068 2170 3131 relicturum.

267 3166 398 3228 Sed
445 3166 571 3236 ubi,
616 3163 904 3224 Romanis
945 3165 1210 3242 gnaviter
1251 3183 1314 3223 se
1357 3161 1831 3236 defendentibus,
1876 3176 2173 3228 certamen

265 3262 522 3345 periculi
562 3261 803 3343 plenum
847 3261 1316 3341 experiebantur,
1359 3271 1757 3342 praetereaque
1802 3263 1939 3323 loco
1980 3264 2177 3324 multa

267 3361 519 3421 habenti
573 3357 942 3420 incommoda
990 3376 1196 3437 parum
1247 3355 1530 3430 fidebant,
1582 3358 1967 3429 destiterunt:
2024 3380 2176 3442 pau-

265 3459 478 3538 cisque
521 3455 768 3516 navibus
809 3473 884 3514 ex
926 3473 1124 3514 earum
1157 3474 1394 3516 numero
1419 3475 1554 3534 quae
1578 3465 1972 3517 commeatum
1997 3457 2177 3517 vehe-

267 3557 425 3615 bant
465 3553 764 3622 abductis,
812 3549 890 3610 ad
941 3549 1253 3630 Halycum
1296 3549 1562 3623 fluvium,
1607 3553 1710 3632 qui
1759 3552 1922 3613 haud
1972 3553 2177 3634 procul

270 3651 418 3711 inde
459 3651 688 3720 aberat,
716 3647 1124 3718 discesserunt,
1155 3647 1238 3707 ibi
1279 3646 1419 3706 dum
1452 3649 1682 3708 saucios
1723 3648 2014 3721 reficiunt,
2042 3650 2177 3710 bos-

268 3751 424 3808 tium
471 3747 698 3806 abitum
739 3765 814 3804 ex
857 3743 1166 3804 commodo
1205 3765 1310 3803 suo
1349 3746 1735 3807 observaturi.
1818 3745 1953 3806 Alii
1996 3747 2177 3827 scrip-

267 3855 456 3914 tores,
493 3841 670 3903 credo
711 3840 1022 3900 Philinum
1063 3841 1267 3910 secuti,
1304 3841 1762 3922 haudquaquam
1804 3843 1924 3903 levi
1963 3842 2180 3903 damno
2206 3851 2355 3904 Diod.

267 3942 590 4002 defunctos
640 3959 764 3999 esse
810 3937 1120 3998 Romanos
1162 3936 1402 3998 volunt:
1457 3939 1560 3998 sed
1610 3940 1800 4019 primo
1842 3941 2041 4000 statim
2087 3960 2181 3999 as-

269 4049 456 4121 pectu
527 4037 780 4097 hostium
846 4034 1142 4115 perculsos
1202 4043 1538 4114 qnaestores,
1591 4035 1733 4095 dum
1789 4035 2183 4096 Phintiadem

267 4157 452 4198 cursu
496 4143 727 4216 petunt,
772 4133 1066 4191 onerarias
1106 4151 1307 4202 naves,
1351 4130 1615 4213 aliasque
1660 4142 1869 4212 praeter
1910 4132 2181 4204 bellicas,

269 4233 638 4295 deseruisse:
683 4231 742 4288 in
786 4230 914 4310 ipso
956 4248 1096 4290 vero
1120 4228 1324 4309 praelio
1353 4229 1602 4289 rotunda
1627 4229 2036 4290 Romanorum
2076 4249 2182 4289 na-

271 4333 442 4410 vigia
467 4327 918 4409 quinquaginta,
939 4326 1147 4404 longas
1166 4345 1304 4386 vero
1325 4346 1504 4386 naves
1527 4327 1838 4404 sexaginta
1862 4325 2181 4407 depressas,

271 4428 566 4488 tredecim
591 4428 680 4484 ita
705 4443 1004 4505 percussas
1029 4431 1470 4504 quassatasque,
1499 4432 1565 4483 ut
1591 4423 1867 4504 deinceps
1893 4424 2020 4483 usui
2058 4443 2183 4482 ease

263 4523 676 4605 nequiverint.
