3300 5225
850 426 1025 497 1738
1757 442 1826 495 τ.
1875 443 2072 499 mvn

850 598 1031 673 suut,
1060 588 1184 677 qui
1208 588 1419 659 biduo
1447 590 1569 659 vix
1592 591 1819 657 locum
1859 598 1998 659 rate
2023 590 2378 678 jungendo
2411 588 2672 658 flumini
2699 590 3048 661 inventum

847 695 1155 779 tradunt3
1198 713 1283 761 ea
1324 714 1477 762 cum
1522 692 1817 779 Magone
1868 696 2127 782 equites
2169 695 2632 781 Hispanorum
2676 697 3046 782 expeditos

846 798 1256 885 praemissos.
1342 796 1522 864 Dum
1570 796 1946 878 Hannibal,
1999 798 2180 864 circa
2199 806 2250 847 ¹³
2301 798 2547 864 flumen
2601 799 3050 883 legationibus

848 900 1202 968 Gallorum
1247 899 1595 967 audiendis
1632 906 1953 979 moratus,
1983 900 2237 986 trajicit
2273 902 2544 986 gravius
2585 902 2888 987 peditum
2929 921 3050 987 ag-

844 1024 1020 1083 men,
1072 1003 1332 1071 iuterim
1384 1000 1594 1087 Mago
1642 1003 2042 1087 equitesque
2089 1004 2178 1069 ab
2201 1004 2507 1071 transitu
2554 1000 2856 1070 fluminis
2912 1004 3050 1071 diei

846 1106 1049 1172 unius
1086 1104 1325 1173 itinere
1352 1102 1773 1171 Placentiam
1803 1103 1889 1169 ad
1921 1102 2153 1171 hostes
2184 1106 2614 1187 contendunt.
2702 1104 3048 1173 Hannibal

845 1208 1091 1295 paucis
1121 1211 1281 1294 post
1307 1206 1543 1275 diebus
1573 1225 1700 1272 sex
1734 1206 1947 1272 millia
1973 1226 2018 1273 a
2045 1205 2401 1275 Placentia
2426 1214 2653 1275 castra
2679 1209 3050 1275 communi-

846 1313 967 1391 vit,
990 1315 1061 1377 et
1086 1316 1367 1397 postero
1410 1308 1547 1389 die,
1576 1309 1649 1374 in
1694 1312 2072 1395 conspectu
2108 1310 2396 1377 hostium
2429 1311 2575 1378 acie
2613 1309 2894 1391 directa,
2921 1332 3050 1397 po-

848 1420 1165 1483 testatem
1195 1433 1437 1500 pugnae
1464 1413 1647 1479 fecit.

930 1518 1042 1585 48.
1090 1516 1481 1602 Insequenti
1510 1521 1708 1582 nocte
1737 1515 1967 1582 caedes
1997 1516 2067 1581 in
2099 1516 2338 1582 castris
2375 1514 2728 1599 Romanis,
2757 1518 3048 1588 tumultu

845 1628 1067 1688 tamen
1095 1638 1295 1704 quam
1322 1638 1394 1685 re
1424 1619 1658 1705 major,
1685 1619 1774 1684 ab
1803 1616 2252 1685 auxiliaribus
2281 1616 2502 1686 Gallis
2527 1617 2713 1685 facta
2741 1628 2866 1689 est.
2933 1621 3047 1689 Ad

846 1724 977 1791 duo
1008 1722 1223 1789 millia
1264 1721 1561 1808 peditum
1608 1726 1682 1787 et
1727 1720 2002 1821 ducenti
2033 1722 2324 1807 equites,
2356 1720 2670 1805 vigilibus
2701 1723 2789 1789 ad
2818 1731 3048 1811 portas

846 1826 1227 1903 trucidatis,
1259 1823 1345 1890 ad
1380 1822 1844 1891 Hannibalem
1875 1822 2362 1908 transfugiunt:
2406 1843 2583 1909 quos
2619 1824 2880 1893 Poenus
2927 1828 3046 1894 be-

844 1930 1041 2015 nigne
1087 1928 1450 2006 allocutus,
1488 1933 1556 1994 et
1600 1946 1729 2012 spe
1775 1926 2150 2011 ingentium
2207 1924 2532 1993 donorum
2579 1947 2927 2011 accensos,
2977 1932 3046 1999 in

846 2032 1160 2098 civitates
1190 2048 1525 2116 quemquo
1554 2048 1737 2108 suas,
1761 2029 1847 2095 ad
1872 2029 2311 2096 solicitandos
2329 2030 2756 2115 popularium
2783 2032 3046 2099 animos

846 2132 1124 2201 dimisit.
1210 2130 1471 2216 Scipio,
1502 2129 1761 2196 caedem
1811 2150 1960 2196 eam
2003 2131 2262 2214 signum
2307 2129 2704 2198 defectionis
2749 2134 3045 2201 omnium

846 2235 1197 2303 Gallorum
1223 2252 1372 2300 esse
1400 2238 1613 2315 ratus,
1643 2238 2131 2318 contactosque
2161 2251 2245 2298 eo
2275 2233 2555 2313 scelere,
2585 2234 2766 2301 velut
2792 2236 3047 2322 injecta

846 2338 1055 2415 rabie,
1084 2338 1175 2403 ad
1201 2356 1386 2404 arma
1412 2336 1650 2416 ituros,
1675 2354 2060 2422 quanquam
2079 2336 2298 2419 gravis
2331 2336 2553 2403 adhuc
2577 2337 2853 2405 vulnere
2881 2345 3047 2418 erat,

848 2450 1074 2508 tamen
1103 2444 1337 2529 quarta
1364 2437 1600 2523 vigilia
1644 2438 1873 2503 noctis
1902 2438 2321 2523 insequentis
2351 2439 2564 2505 tacito
2597 2441 2860 2524 agmine
2890 2461 3044 2527 pro-

844 2544 1067 2611 fectus
1099 2542 1187 2609 ad
1212 2536 1567 2609 Trebiam¹
1596 2540 1895 2622 fluvium,
1937 2542 2005 2606 in
2032 2541 2188 2607 loca
2219 2540 2463 2607 altiora
2486 2542 2806 2628 lucosque
2823 2550 2883 2593 ¹4
2921 2544 3047 2609 im·

845 2648 1209 2733 peditiores
1239 2647 1451 2731 equiti
1480 2649 1704 2712 castra
1731 2650 1986 2712 movet.
2073 2643 2331 2725 Minus,
2353 2664 2556 2731 quam
2581 2645 2671 2711 ad
2699 2645 3042 2728 Ticinum,

844 2751 1080 2818 fefellit
1098 2774 1115 2816 ι
1133 2751 1161 2790 ⁵
1230 2749 1592 2834 missisque
1650 2747 1999 2818 Hannibal
2054 2747 2334 2833 primum
2395 2745 2734 2826 NumidIs‚
2798 2749 3043 2817 deinde

848 2855 1027 2922 omni
1083 2853 1413 2940 equitatu,
1476 2853 1810 2919 turbasset
1866 2851 2101 2936 utique
2156 2849 2600 2918 novissimum
2657 2871 2917 2935 agmen,
2974 2854 3044 2922 ni

846 2957 1171 3024 aviditate
1202 2955 1449 3042 praedae
1480 2956 1550 3021 in
1596 2973 1819 3022 vacua
1865 2951 2180 3019 Romana
2207 2957 2435 3019 castra
2465 2951 2785 3020 Numidae
2813 2953 3041 3022 dever-

847 3061 1157 3128 tissent.¹³
1248 3057 1359 3124 Ibi
1405 3056 1586 3136 dum,
1630 3059 2124 3142 perscrutantes
2173 3054 2331 3122 loca
2371 3055 2597 3122 omnia
2653 3061 3044 3139 castromm,

844 3163 1027 3236 nullo
1056 3160 1223 3228 satis
1242 3159 1442 3244 digno
1464 3178 1674 3226 morae
1699 3157 1917 3243 pretio
1945 3165 2214 3244 tempus
2237 3161 2476 3238 terunt,
2504 3158 2798 3225 emissus
2823 3159 3045 3228 hostis

847 3267 933 3334 de
960 3264 1272 3332 manibus
1301 3267 1443 3330 est:
1487 3268 1560 3328 et
1588 3279 1746 3326 cum
1781 3260 1931 3346 ⁸iam
1965 3267 2422 3345 transgressos
2447 3260 2762 3328 Trebiam
2789 3261 3046 3330 Roma·

846 3387 970 3434 nos
998 3372 1455 3453 metantesque
1494 3369 1718 3432 castra
1761 3365 2301 3450 conspexissent,
2333 3383 2593 3450 paucos
2634 3372 3044 3434 moratorum

836 3529 1211 3650 ‘ammi'
1231 3533 1462 3584 discente
1484 3547 1577 3584 m
1596 3533 1742 3586 tatuit
1765 3531 2103 3592 liu-ibahar,
2123 3532 2505 3597 quenadmodum
2521 3545 2628 3582 eun
2645 3537 2803 3583 cadro
2821 3547 2854 3583 a
2873 3531 3045 3584 rictu

846 3793 1107 3846 viere—18
1144 3793 1287 3844 Citra
1306 3794 1547 3859 Mogont-
1572 3791 1730 3844 Frob-
1750 3790 1993 3844 Francos.
2015 3793 2172 3846 Grut.
2191 3791 2420 3844 Gronov.
2439 3791 2677 3847 Crevier.
2699 3792 2786 3844 111.

914 3861 977 3909 14
1010 3857 1099 3910 Ita
1129 3858 1181 3908 in
1215 3859 1323 3909 Μι.
1343 3859 1482 3910 Gud.
1507 3859 1560 3908 in
1596 3859 1806 3938 rellquin
1837 3860 2072 3924 lacunae,
2095 3867 2150 3909 et
2177 3859 2232 3909 in
2257 3859 2516 3938 plerisque
2539 3859 2678 3910 Edd.
2707 3859 2951 3922 alteque,
2969 3871 3040 3908 ex

848 3923 1052 3977 emend.
1074 3924 1257 3978 Valla.
1319 3924 1578 3977 strothius
1606 3939 1747 3992 conj.
1779 3925 2162 3990 utruque-15
2197 3926 2520 3978 Dicet-tumst
2553 3924 2690 3976 Edd.
2709 3937 2886 3998 omnes
2919 3933 3044 3976 ante

1831 4071 2056 4125 Nom:

930 4174 1039 4240 fid
1072 4185 1315 4251 stetim]
1346 4187 1556 4238 Fluvius
1576 4183 1772 4240 'Trebia
1807 4201 1899 4240 no·
1981 4187 2121 4240 Huic
2139 4186 2265 4239 nihii
2286 4201 2557 4240 commune
2571 4201 2690 4238 curn
2705 4185 2900 4239 Trebia
2915 4187 3041 4238 Um-

851 4277 971 4316 men
1003 4262 1169 4317 adhuc
1206 4265 1423 4328 retinet,
1443 4265 1660 4328 vulgolu
1685 4263 1902 4323 stebbim
1979 4265 2109 4318 brim
2159 4265 2354 4334 oppido
2397 4265 2464 4317 ad
2507 4265 2842 4326 Clitumnum,
2883 4265 3042 4328 vulgo

850 4337 917 4390 ad
950 4337 1273 4393 Placentiam
1310 4341 1363 4392 in
1395 4341 1595 4395 Padum
1625 4338 1905 4394 confluens·
1986 4341 2144 4399 steni.
