3300 5225
766 435 942 502 2044
1716 451 1789 502 τ’.
1836 449 2027 498 mvn

763 591 1142 674 foediorem,
1191 613 1332 660 non
1374 593 1585 659 exilio
1631 594 1874 675 solnm,
1920 594 2041 660 sed
2072 595 2281 660 etiam
2310 602 2549 676 morte,
2584 596 2971 677 servitutem

765 699 1127 786 patiantur.
1217 697 1369 762 Nec
1419 697 1679 762 caedem
1718 697 2071 763 nefandam
2112 700 2449 764 sociorum
2488 699 2777 767 inultam
2824 701 2973 766 Ro-

765 823 1001 868 manos
1032 821 1377 886 passuros·
1466 800 1711 886 Itaque
1738 801 1799 865 si
1818 802 1951 874 -eis,
1983 802 2099 884 qui
2138 801 2226 866 ad
2258 821 2336 868 se
2378 803 2834 887 perfugerint,⁸
2866 813 2967 870 tu-

765 913 877 972 tus
925 905 996 971 in
1033 905 1324 991 patriam
1361 905 1620 971 reditus
1661 909 1914 989 pateat,
1950 905 2162 970 caedis
2182 915 2213 956 ⁹
2240 913 2555 972 auctores
2576 903 2597 942 ¹
2630 907 2975 987 dedantur,

673 1019 678 1032 “
769 1018 839 1076 et
881 1011 1162 1075 libertas
1212 1010 1524 1095 legesque
1570 1009 2017 1092 Syracusanis
2063 1009 2516 1085 restituantur,
2560 1011 2727 1075 nihil
2767 1012 2975 1076 armis

761 1131 946 1200 opus
975 1115 1148 1180 esse.
1234 1113 1312 1178 Si
1343 1133 1430 1178 ea
1452 1133 1585 1178 non
1613 1111 1800 1190 fiant,
1842 1112 2252 1196 quicumque
2296 1111 2368 1175 in
2409 1131 2599 1176 mora
2646 1115 2754 1192 sit,
2790 1113 2975 1180 bello

765 1215 1283 1302 persecuturos!
1369 1215 1484 1280 Ad
1536 1235 1621 1280 ea
1660 1214 2025 1300 EpicydeS,
2072 1219 2092 1248 ‘
2121 1215 2197 1279 Si
2239 1232 2379 1298 qua
2416 1213 2501 1278 ad
2546 1234 2619 1279 se
2652 1215 2976 1282 mandata

765 1314 1140 1396 haberent‚¹‘
1171 1336 1565 1402 responsum
1593 1316 1743 1395 eis,'
1772 1319 1890 1394 ait,
1934 1321 1958 1351 ‘
1990 1335 2067 1381 se
2113 1316 2387 1381 daturos
2422 1316 2674 1381 fuisse:
2718 1337 2875 1382 eum
2906 1320 2977 1383 in

769 1441 1023 1495 eorum,
1052 1420 1139 1485 ad
1171 1439 1344 1503 qnos
1377 1420 1693 1496 venerint,
1722 1436 1925 1514 manu
1967 1438 2079 1484 res
2117 1417 2551 1502 Syracusana
2588 1429 2797 1498 esset,
2826 1430 2973 1487 tum

766 1529 1274 1588 reverterentur.
1381 1521 1459 1586 Si
1513 1522 1693 1586 bello
1745 1522 2108 1597 lacessant,
2162 1523 2321 1605 ipsa
2368 1540 2439 1586 re
2490 1523 2978 1600 intellecturoS,

769 1644 1198 1709 nequaquam
1229 1624 1406 1690 idem
1437 1635 1588 1688 ess'e
1609 1623 1990 1708 Syracusas
2020 1642 2103 1688 ao
2133 1622 2507 1688 Leontinos
2539 1625 2977 1708 oppugnare?

770 1727 884 1792 Ita
921 1729 1160 1810 legatis
1203 1727 1474 1805 relictis,
1512 1733 1742 1811 portas
1780 1727 2050 1791 clausit.
2139 1725 2309 1791 Inde
2352 1735 2527 1792 terra
2556 1730 2857 1811 marique
2888 1730 2976 1792 si-

761 1829 918 1894 ·mul
945 1835 1196 1913 coeptae
1225 1831 1598 1913 oppugnari
1630 1830 2029 1913 Syracusae:
2062 1835 2231 1894 terra
2260 1830 2347 1894 ab
2372 1829 2772 1916 Hexap510‚
2802 1829 2979 1894 mari

771 1933 860 1997 ab
897 1929 1298 2007 Achradina,
1327 1930 1518 2016 cujus
1557 1950 1788 1996 murus
1833 1930 2039 1995 fluctu
2085 1931 2376 1997 alluitur.
2466 1932 2559 1996 Et
2585 1934 2767 2016 quia,
2796 1935 2981 1998 sicut

771 2033 1138 2098 Leontinos
1181 2039 1423 2098 terrore
1472 2053 1556 2098 ao
1603 2035 1818 2118 primo
1866 2033 2127 2118 impetu
2172 2043 2507 2120 ceperant,
2544 2055 2677 2099 non
2717 2034 2980 2100 diffide-

771 2137 964 2214 bant,
1007 2139 1265 2201 vastam
1306 2135 1799 2221 disjectamque
1838 2137 2065 2220 spatio
2110 2138 2335 2202 urbem
2384 2145 2573 2222 parte
2626 2137 2859 2221 aliqua
2904 2157 2982 2201 se

775 2241 1155 2316 invasuroS,
1183 2258 1446 2304 omnem
1473 2245 1871 2324 apparatum
1901 2239 2507 2325 oppugnandarum
2534 2240 2798 2306 urbium
2830 2259 2980 2303 mu-

773 2343 871 2418 ris
903 2340 1366 2407 admoverunt.
2190 2359 2198 2366 ·
2882 2349 2891 2356 ’

859 2444 972 2508 34.
1022 2443 1113 2507 Et
1139 2443 1492 2510 habuisset
1519 2449 1708 2510 tanto
1736 2447 1989 2531 impetu
2028 2446 2265 2530 coepta
2302 2465 2408 2510 res
2438 2442 2813 2520 fortunam,¹
2842 2446 2979 2511 nisi

777 2566 947 2613 unus
977 2547 1182 2611 homo
1211 2547 1570 2631 Syracusis
1599 2568 1683 2615 ea
1712 2555 2111 2635 tempestate
2140 2550 2408 2617 fuisset.
2485 2549 2980 2616 Archimedes¹'·

1694 2740 1753 2766 η
1758 2744 2061 2769 ‘Omemo

841 2866 873 2911 7
910 2862 1208 2924 Quin-genios
1235 2876 1404 2926 pam
1424 2862 1752 2914 Crevier.—8
1788 2866 1805 2895 ‘
1830 2864 1930 2921 Qui
1946 2867 2011 2915 ad
2031 2879 2080 2915 ae
2106 2863 2408 2929 perfugerint
2436 2863 2521 2931 (ut
2542 2864 2697 2929 panio
2720 2868 2844 2913 ante
2870 2878 2985 2927 per-

765 2927 994 2989 sager-int
1013 2930 1076 2977 ad
1097 2926 1171 2991 se)
1194 2942 1290 2991 pro
1313 2931 1452 2991 vulg.
1479 2929 1811 2993 perficerunt,
1838 2931 2121 2981 Latinitate
2152 2932 2202 2979 in
2225 2931 2459 2981 oratione
2482 2931 2694 2993 obliqua
2714 2929 2838 2977 iliud
2864 2943 2987 2991 pos-

775 2997 1001 3053 tulante,
1032 3000 1093 3041 et
1125 2992 1315 3041 deinde
1349 2999 1513 3055 pateat
1533 3008 1627 3057 pro
1656 3000 1846 3057 pateret
1869 2996 2092 3059 reposui.
2160 2996 2452 3059 Utrumque
2477 2996 2760 3058 probarunt
2780 2994 2985 3043 Stroth.

779 3067 832 3105 et
855 3058 1049 3117 Bauer,
1071 3058 1170 3106 etsi
1195 3058 1280 3106 iile
1303 3060 1531 3107 servavit
1553 3057 1611 3107 τὸ
1640 3065 1845 3123 pateret,
1866 3060 1989 3125 qnia
2009 3062 2182 3110 Livius
2202 3073 2567 3125 nonnunquam
2590 3059 2798 3109 diversa
2820 3060 2986 3123 ,innx-

777 3122 898 3186 erit,
921 3133 980 3173 ut
1001 3136 1149 3172 xxii.
1169 3127 1250 3173 ³2.
1271 3122 1426 3173 extr-³
1459 3124 1763 3188 &perte—9
1794 3125 1869 3175 Ac
1888 3126 2032 3175 cadis
2051 3126 2187 3177 Edd.
2210 3134 2331 3176 ante
2354 3124 2518 3176 Drak-

1773 3270 1991 3323 No'rAE

1926 3387 2060 3447 pulit
2081 3386 2321 3444 animum,
2345 3386 2528 3449 magis,
2552 3392 2613 3435 nt
2632 3390 2822 3435 'censet
2854 3384 2989 3436 Pin·

1922 3463 2151 3526 tarchus,
2174 3476 2274 3526 quo
2310 3462 2547 3511 sensibus
2582 3460 2725 3525 quasi
2762 3460 2991 3523 subjice·

1925 3546 2010 3588 ret
2032 3538 2295 3603 proposita
2318 3538 2552 3601 quaedam
2571 3537 2888 3601 geometrica
2908 3538 2992 3587 in-

781 3382 848 3433 ab
871 3384 999 3447 ipsis
1022 3384 1268 3449 societas,
1290 3400 1406 3449 cap.
1423 3388 1506 3435 28.
1529 3384 1626 3434 sub
1647 3384 1739 3433 fin.

843 3459 857 3492 ¹
894 3459 1050 3509 Cedis
1070 3460 1304 3523 auctores]
1341 3461 1693 3526 Hippocrate·
1712 3477 1844 3527 proe·

778 3536 958 3586 sertim
983 3542 1038 3585 et
1059 3536 1334 3601 Epicydes.

845 3613 870 3648 Β
903 3614 964 3664 Si
977 3630 1070 3678 qua
1091 3616 1155 3663 ad
1173 3629 1223 3664 ae
1241 3616 1464 3666 mandata
1485 3614 1735 3679 haberent]
1756 3615 1842 3667 In-

780 3689 924 3742 dicat
959 3691 1222 3757 Epicydes
1261 3707 1319 3741 te
1355 3707 1472 3743 enm
1513 3694 1844 3759 Hippocrate

777 3767 1052 3832 Syracusis
1074 3768 1348 3835 dominari,
1369 3784 1470 3819 non
1493 3770 1843 3835 magistratus.

844 3844 857 3878 ¹
887 3845 955 3894 Et
972 3844 1208 3896 Ιωὺιιίυεέ
1225 3878 1238 3895 .
1255 3879 1268 3896 .
1281 3879 1294 3896 .
1307 3882 1319 3897 .
1333 3846 1689 3911 assertum]
1708 3847 1846 3897 Gau.

781 3920 854 3970 Et
877 3922 925 3969 la
943 3922 1078 3972 chose
1099 3922 1180 3973 eat
1200 3924 1354 3973 reunsi
1369 3924 1735 3975 lie-armemur.

847 4004 884 4031 ¹²
915 3997 1245 4064 Archimedes]
1272 4000 1402 4051 Cum
1425 4000 1518 4051 diu
1539 4000 1844 4065 geometria

782 4074 1087 4125 theoretice
1141 4076 1445 4141 studuisset,
1483 4077 1550 4128 ab
1611 4078 1845 4130 Hierone

785 4164 927 4213 rege,
949 4152 1093 4215 cujus
1115 4150 1324 4203 familie
1352 4154 1558 4205 vinculo
1580 4155 1845 4218 cognatio·

783 4227 862 4275 nis
884 4227 1101 4277 innexus
1135 4237 1268 4290 erat,
1294 4240 1524 4295 rogatus,
1557 4230 1622 4280 ad
1645 4231 1845 4281 mecha·

783 4296 950 4351 nicam
991 4310 1048 4354 et
1084 4304 1537 4357 instrumentorum
1571 4322 1720 4358 usum
1754 4322 1845 4373 ap·

1924 3616 2142 3665 telieetu
2166 3614 2413 3678 difficilia,
2436 3629 2585 3679 qnam
2619 3614 2990 3666 instrumento-

1924 3704 2034 3742 rum
2058 3693 2283 3756 ipsorum
2306 3692 2496 3743 studio.
2530 3691 2671 3742 Hine
2680 3692 2857 3756 jussus
2874 3694 2992 3757 plu·

1925 3771 2081 3819 rimas
2113 3768 2374 3819 machina·
2416 3770 2467 3819 ei
2510 3770 2849 3833 comparavit.
2880 3784 2985 3820 non

1923 3844 2077 3895 modo
2099 3844 2163 3893 ad
2184 3844 2379 3899 hostes,
2402 3844 2620 3894 telorum
2652 3844 2990 3911 lapidumque

1924 3918 2281 3984 magnitudine
2314 3918 2625 3983 incredibili,
2662 3934 2993 3971 summoven-

1924 3998 2050 4059 do⁸;
2083 3996 2175 4046 aed
2194 3996 2487 4060 prasertim
2505 3996 2571 4046 ad
2588 3996 2873 4060 ponderum
2893 3997 2993 4049 im·

1921 4088 2125 4124 mensas
2161 4073 2319 4124 moles
2342 4074 2531 4137 exigua
2564 4086 2728 4137 opera
2758 4087 2995 4125 eommo-

1923 4150 2119 4201 vendas
2136 4168 2152 4201 a
2188 4150 2375 4215 quibua
2389 4157 2563 4199 tamen
2582 4164 2701 4199 usin
2722 4164 2991 4214 nunquam

1924 4235 2007 4279 est
2032 4227 2217 4289 Hiero,
2230 4225 2369 4291 quod
2388 4224 2586 4295 fqedere
2605 4240 2721 4275 eum
2742 4226 2993 4275 Romanis

1924 4306 2051 4371 icto,
2113 4318 2295 4370 pacem
2352 4304 2607 4355 habuerat
2664 4312 2994 4369 perpetuam.
