3300 5225
1045 517 1192 566 me.
1239 515 1466 564 xxiv.
1512 513 1679 562 σΑι».
1720 499 1830 564 10.
2328 497 2505 564 2005

310 669 656 753 praeesset.
723 663 808 728 P.
839 661 1148 728 Cornelio
1179 659 1465 725 Lentulo
1489 658 1767 745 praetori
1792 657 2031 725 Sicilia
2054 657 2323 732 decreta
2348 679 2506 745 pro-

309 771 576 849 vincia;
619 766 704 833 Τ.
737 765 1032 831 Otacilio
1057 763 1306 830 classis
1335 762 1598 841 eadem,
1629 781 1833 847 quam
1860 762 2187 828 adversus
2220 761 2501 829 Cartha*

311 873 646 958 ginienses
681 870 896 954 priore
940 885 1112 932 anno
1156 866 1530 931 habuisset.
1618 863 1939 948 Prodigia
1967 885 2055 930 eo
2084 884 2263 931 anno
2292 865 2505 932 multa

307 975 619 1042 nuntiata
657 979 830 1040 sunt.
920 970 1096 1051 Quae
1145 989 1282 1053 quo
1333 969 1550 1052 magis
1577 968 1942 1034 credebant
1985 968 2371 1052 simplices*
2420 987 2505 1036 ao

306 1079 605 1162 religiosi
637 1077 966 1154 homines,
1015 1093 1100 1140 eo
1148 1073 1344 1159 plura
1385 1071 1983 1138 nuntiabantur:¹5
2028 1071 2317 1138 Lanuvii
2362 1069 2505 1137 ίιι16

311 1182 462 1247 aede
483 1181 666 1246 intus
690 1179 984 1262 Sospita:
1007 1175 1054 1242 J
1059 1175 1300 1241 unonis
1317 1194 1558 1240 corvos
1582 1175 1815 1240 nidum
1834 1174 2083 1241 fecisse
2113 1194 2131 1242 :
2157 1175 2229 1241 in
2249 1174 2507 1261 Apulia

307 1283 604 1368 palmam
637 1280 914 1346 viridem
956 1280 1244 1344 arsisse:
1292 1279 1600 1346 Mantua:
1647 1284 1957 1362 stagnum
1994 1277 2277 1344 effusum
2324 1277 2507 1344 Min-

311 1389 434 1452 cio.
453 1385 630 1450 amni
663 1391 1004 1448 cruentum
1034 1385 1292 1450 visum:
1353 1388 1425 1448 et
1469 1381 1755 1447 Calibus
1800 1387 2003 1457 creta,
2032 1388 2102 1448 et
2145 1380 2391 1448 Roma:
2432 1383 2507 1447 in

311 1489 458 1555 foro
489 1487 724 1553 boario
745 1485 1065 1570 sanguine
1094 1487 1388 1570 pluisse:
1413 1489 1458 1536 '⁷
1502 1485 1663 1551 etin
1686 1485 1841 1551 vico
1867 1485 2115 1551 Istrico
2134 1485 2185 1526 ¹⁸
2205 1495 2234 1523 ⁸
2262 1485 2505 1550 fontem

310 1593 438 1658 sub
471 1597 646 1656 terra
687 1595 878 1656 tanta
915 1590 987 1654 vi
1031 1608 1362 1672 aquarum
1405 1587 1709 1664 fluxisse,
1750 1595 1829 1654 ut
1874 1587 2089 1653 serias
2139 1584 2507 1672 doliaque?

311 1714 470 1779 quae
505 1695 576 1758 in
605 1712 687 1758 eo
715 1694 874 1759 loco
921 1701 1128 1771 erant,
1158 1693 1515 1778 provoluta
1553 1691 1741 1758 velut
1784 1691 2076 1775 impetus
2098 1699 2153 1742 ¹⁹
2191 1692 2505 1756 torrentis

309 1798 572 1864 tulerit:
621 1803 806 1862 tacta
833 1797 917 1861 de
945 1796 1124 1862 coelo
1154 1796 1391 1861 atrium
1421 1793 1767 1878 publicum
1793 1793 1865 1857 in
1894 1791 2261 1876 Capitolio,
2290 1792 2507 1858 aedem

304 1901 384 1967 in
409 1919 652 1984 campo
682 1897 998 1976 Vulcani,
1025 1917 1244 1964 arcem
1287 1898 1356 1963 in
1399 1897 1671 1964 Sabinis
1696 1904 1756 1934 ²0
1796 1895 2274 1981 publicamque
2302 1897 2507 1976 viam,

309 2021 572 2068 murum
623 2021 732 2066 ac.
763 2009 1026 2085 portam
1084 1998 1354 2065 Gabiis.
1439 1998 1600 2065 Jam
1660 1999 1796 2064 alia
1854 1999 2131 2080 vulgata
2182 1999 2509 2066 miracula

311 2111 538 2169 erant:
585 2105 844 2168 hastam
896 2100 1140 2166 Martis
1194 2100 1548 2168 Praeneste
1607 2120 1737 2169 sua
1790 2110 2033 2185 sponte
2086 2109 2505 2186 promotam:

310 2209 551 2272 bovem
611 2205 680 2270 in
733 2200 974 2268 Sicilia
1026 2204 1366 2270 locutum:
1429 2204 1751 2270 infantem
1808 2204 1881 2268 in
1924 2209 2111 2270 utero
2163 2205 2394 2270 matris
2436 2205 2509 2268 in

311 2307 744 2382 Marrucinis,
797 2311 817 2340 ‘
845 2306 927 2371 Io
955 2305 1282 2390 triumphe
1301 2303 1338 2372 l’
1381 2305 1756 2372 clamasse:
1810 2325 1901 2371 ex
1931 2306 2211 2372 muliere
2237 2306 2509 2390 Spoleti

311 2412 526 2477 virum
554 2410 844 2474 factum:
891 2404 1179 2472 Hadriae
1209 2427 1392 2473 aram
1421 2409 1490 2471 in
1522 2408 1704 2474 coelo
1744 2409 2139 2493 speciesque
2166 2408 2509 2473 homiuum

311 2515 568 2580 circum
598 2532 769 2593 eam,
799 2531 954 2579 cum
982 2493 1277 2577 candida‘
1298 2519 1512 2591 veste,
1541 2513 1729 2578 visas
1769 2530 1943 2578 esse.
2032 2509 2213 2590 Quin
2263 2509 2507 2578 Roma:

1232 2708 1563 2731 OOOOOOOOOOO
1571 2708 1601 2730 O

309 2845 366 2899 ,1.
412 2844 472 2895 F.
517 2843 748 2893 Gronov.
751 2848 882 2895 —14
913 2842 1050 2893 Olim
1089 2842 1364 2907 Pmpraetor
1405 2846 1469 2901 Q.
1513 2844 1646 2895 Mae.
1646 2848 1777 2894 —16
1813 2842 1900 2895 Al.
1938 2858 1994 2894 ee
2034 2842 2179 2893 etiam
2216 2843 2352 2907 plura
2392 2858 2510 2892 a.—

313 2915 419 2960 lo·
441 2910 570 2958 Cum
604 2910 942 2963 Salmasioeet
975 2908 1240 2958 Gronovio
1279 2909 1550 2959 delendam
1587 2924 1776 2960 censeo
1811 2910 2225 2974 praepoaitionem
2247 2910 2317 2969 ia,
2338 2916 2509 2961 ortam

315 2974 400 3025 vel
427 2986 492 3022 ex
516 2974 805 3052 postremi·
817 2974 980 3023 literis
999 2973 1088 3022 τοῦ
1111 2974 1338 3037 munii,
1371 2976 1454 3025 vel
1492 2989 1557 3024 ex
1597 2974 1805 3026 inscitia
1842 2974 2186 3031 librariorum,
2211 2974 2297 3038 qui
2321 2974 2508 3025 ablati-

309 3054 432 3089 vum
454 3040 519 3088 ab
540 3040 675 3089 intus
698 3038 809 3101 regi
835 3038 1170 3088 nesciebam?
1203 3038 1520 3089 Seram—1¹1
1554 3040 1680 3089 Put.
1715 3040 1769 3091 ιἰι
1787 3039 1903 3100 foro
1938 3038 2129 3089 bovario
2155 3039 2388 3101 sanguine
2402 3042 2515 3103 plu·

309 3106 453 3154 vine.
458 3108 586 3153 -18
617 3104 683 3153 In
716 3104 926 3165 optimis
966 3104 1089 3153 Mes.
1128 3102 1324 3166 Insteio,
1359 3104 1414 3153 in
1453 3104 1569 3155 aliis
1607 3104 1772 3167 [πρὲις
1774 3121 1818 3153 ο.
1850 3104 1904 3156 ,1.
1927 3104 1986 3155 F.
2014 3104 2248 3154 Gronov.
2287 3105 2418 3168 conj.

309 3172 418 3219 vieo
443 3168 609 3225 mo,
632 3176 685 3217 et
707 3168 928 3231 Donjat.
950 3168 1002 3217 ιἰι
1021 3170 1124 3217 vico
1152 3169 1366 3218 Ustriae.
1370 3172 1500 3218 -19
1533 3170 1772 3219 Malebat
1805 3169 1860 3221 J.
1902 3169 1963 3219 1··.
1997 3169 2228 3219 Gronov.
2253 3169 2511 3233 impetu.—

313 3240 428 3285 20‘
447 3235 618 3283 AEdem
647 3233 886 3285 Vulcani
867 3248 918 3282 ιιι
939 3248 1099 3296 campo
1121 3233 1333 3291 Martio,
1356 3238 1405 3283 et
1426 3249 1580 3284 arcem
1601 3235 1655 3284 ιἰι
1678 3234 1910 3285 Sabinis.-
1942 3234 2016 3284 ita
2034 3232 2169 3283 Edd.
2197 3235 2361 3298 princ.
2386 3250 2511 3298 qua-

314 3314 432 3349 rum
454 3298 818 3349 anctoritatem
839 3305 1046 3349 secutus
1067 3312 1209 3350 eum:
1247 3312 1404 3349 υοσειιι
1425 3300 1556 3349 Mas.
1617 3313 1783 3350 aurem
1806 3298 1939 3349 Edd
1961 3300 2194 3365 plurima:
2218 3314 2286 3349 ex
2306 3300 2511 3350 emend.

1313 3440 1531 3493 NOTAE

381 3560 406 3607 t
460 3551 567 3607 Quo
613 3553 770 3615 magis
817 3554 1071 3604 eredebant
1120 3554 1380 3621 simplices]
1449 3556 1677 3621 regionis
1699 3557 1849 3608 vieo?
1913 3556 2017 3609 Sed
2040 3558 2156 3608 hec
2176 3558 2436 3609 remotior.

313 3628 593 3693 Nunquam
642 3631 848 3691 desunt,
897 3632 986 3696 qui
1039 3644 1105 3683 ea
1145 3639 1380 3700 narrent,
1513 3634 1538 3669 ὓ
1577 3631 2074 3701 Ueserimdoliaque]
2109 3634 2281 3699 Magius
2313 3649 2401 3684 vas
2424 3633 2513 3683 fie-

313 3720 434 3771 quae
479 3706 704 3758 libenter
745 3708 1022 3759 audiuntur
1058 3714 1117 3759 et
1156 3709 1380 3760 credulis
1450 3711 1542 3762 tile
1565 3711 1664 3761 fuit
1684 3713 1829 3769 mia,
1866 3714 2212 3776 capaciusque
2241 3711 2405 3762 culleo
2442 3710 2516 3759 vi-

315 3782 526 3833 antibus
572 3784 920 3849 excipiuntur.
1002 3786 1142 3837 Hinc
1177 3801 1381 3852 quoque
1451 3787 1582 3850 giuti
1604 3786 1875 3851 amphoras
1894 3788 2211 3837 continente.
2274 3786 2357 3835 Ex
2378 3785 2439 3834 iis
2459 3786 2515 3835 in

311 3860 481 3924 liquet
511 3875 614 3910 non
651 3868 756 3912 tam
799 3862 1068 3912 credulum
1097 3860 1257 3913 fuisse
1287 3864 1376 3913 Li·
1445 3863 1546 3913 alia
1567 3863 1768 3913 minora
1791 3878 1915 3913 vasa
1941 3859 2161 3912 diffundi
2183 3860 2355 3910 vinum
2379 3861 2513 3909 sole-

313 3936 474 3991 vium,
499 3950 648 3999 quam
673 3936 878 3988 videtur
897 3939 961 3988 iis
983 3940 1069 4004 qni
1099 3946 1182 3990 tot
1203 3940 1378 4003 prodi·
1447 3939 1541 3990 bat
1559 3940 1623 3989 ad
1649 3948 1965 3991 vetustatem
1988 3938 2311 4001 servandam,
2341 3947 2398 3987 ut
2420 3937 2510 3987 do-

315 4010 403 4074 gia
425 4012 562 4075 apud
594 4026 710 4063 eum
744 4015 946 4078 legunt.
1012 4004 1149 4068 vide
1184 4016 1250 4068 ad
1288 4017 1379 4069 lib.
1449 4024 1533 4067 cet
1558 4018 1844 4068 Columella
1866 4016 2103 4067 lib.xm.
2171 4015 2289 4066 Nec
2312 4022 2511 4065 tantum

317 4099 439 4137 ιιι.
464 4101 512 4137 c.
533 4092 617 4139 62.
651 4088 705 4139 J.
727 4091 956 4141 Clericus.
1449 4094 1640 4151 vinum,
1682 4094 1776 4144 sed
1810 4094 1978 4144 oleum
2006 4108 2228 4159 quoque,
2271 4099 2328 4142 et
2357 4091 2511 4142 olivae

381 4170 405 4197 ⁸
441 4164 500 4213 1¹·
521 4167 624 4215 vico
645 4166 844 4232 lairico]
880 4166 965 4217 An
1001 4166 1052 4216 in
1085 4169 1188 4217 vico
1221 4168 1379 4219 Uteri-
1445 4170 1672 4221 condito
1710 4169 1764 4220 iu
1804 4170 1968 4235 seriis,
2001 4186 2119 4236 quoe
2154 4168 2274 4221 inde
2304 4169 2509 4220 olearia:

314 4254 395 4294 ao,
420 4241 508 4305 qni
529 4240 708 4292 Roma:
731 4244 782 4293 in
813 4244 1022 4308 regione
1041 4244 1303 4310 Esquilina
1320 4254 1379 4298 et
1447 4248 1622 4311 dietae,
1641 4247 2013 4309 servabantur:
2036 4262 2313 4312 earumque
2336 4248 2511 4297 memi*

315 4316 561 4369 viminali
586 4320 779 4383 legitur
794 4320 930 4385 apud
955 4322 1018 4373 P.
1039 4321 1306 4373 Victore·
1325 4331 1382 4375 et
1449 4324 1532 4374 nit
1551 4324 1717 4373 Varro
1738 4324 1827 4376 lib.
1852 4337 1938 4375 ιιι.
1960 4322 2025 4373 de
2052 4323 2131 4373 Re
2155 4323 2305 4375 Rust.
2327 4336 2445 4389 cap·
2460 4326 2513 4373 2.

315 4390 439 4443 Sex.
483 4390 711 4447 Rufum?
787 4396 872 4449 An
913 4398 966 4449 in
1001 4398 1174 4465 aliquo
1207 4399 1380 4452 latria
1451 4398 1697 4453 laudante
1720 4400 1973 4453 Marcello
1995 4402 2222 4453 Donato.
