3300 5225
800 523 1011 573 mam
1059 522 1205 573 xx.
1253 522 1900 577 surrnnusu'rum.
2284 510 2457 577 1625

235 666 351 728 Μ’.
380 664 456 727 F.
482 664 593 725 Μ’.
623 662 714 726 N.
743 665 1021 729 Mathoni
1063 666 1356 729 Sardoum
1379 670 1641 731 obvenit.
1726 668 1883 730 Cum
1923 668 2131 729 horum

231 773 504 824 motuum
545 784 726 826 causa
767 785 944 846 penes
977 764 1494 845 Carthaginienses
1525 786 1650 827 esse
1686 765 2002 839 diceretur,
2028 768 2133 847 qui

231 862 524 921 barbaros
562 860 1066 921 addefectionem
1091 862 1328 922 secretis
1351 864 1572 922 nuntiis
1595 862 1925 935 allicerent,
1954 862 2134 942 legati

233 958 400 1017 missi
425 965 564 1017 sunt
588 955 1009 1043 Carthaginem
1033 978 1171 1019 cum
1198 959 1418 1038 asperis
1443 957 1758 1030 mandatis,
1787 960 1892 1039 qui
1919 959 2137 1039 stipen-

234 1053 406 1114 dium
445 1051 799 1131 exigerent,⁶
839 1062 1016 1135 atque
1041 1052 1246 1113 insulis
1275 1054 1354 1113 ad
1380 1052 1689 1114 Romanos
1716 1054 2144 1135 pertinentibus

238 1150 525 1209 abstineri
553 1150 853 1228 juberent,
881 1150 1027 1209 belli
1067 1150 1240 1210 minis
1275 1148 1515 1220 additis,
1551 1151 1612 1210 ni
1649 1151 1937 1261 imperata
1969 1150 2141 1210 fecis-

236 1255 390 1306 sent.
474 1244 616 1305 Jam
641 1266 719 1305 ex
760 1247 938 1326 priori
964 1245 1304 1306 calamitate
1331 1246 1487 1305 vires
1523 1254 1586 1305 et
1609 1248 1872 1306 animum
1906 1267 2143 1328 recepe·-

239 1350 378 1403 rant
394 1341 599 1411 Poeni,
623 1340 994 1403 Hamilcaris
1007 1343 1264 1401 maxime
1281 1340 1566 1401 industria
1583 1362 1699 1402 non
1720 1342 1897 1403 modo
1917 1344 2215 1453 pacatisV
2201 1339 2266 1389 Β·
2270 1341 2347 1392 0·ss
2389 1355 2466 1406 ψ·

244 1438 480 1499 Africae
521 1439 776 1519 populis,
803 1439 906 1519 qui
949 1458 986 1497 a
1011 1437 1590 1520 Carthaginiensibus
1622 1438 2014 1510 desciverant,
2040 1438 2144 1499 sed
2170 1404 2333 1521 133⁸?
2342 1414 2471 1521 f}

241 1537 428 1597 etiam
455 1536 632 1595 latius
658 1544 924 1615 promota
957 1534 1200 1607 ditione,
1236 1554 1566 1615 magnoque
1582 1537 1716 1615 jam
1756 1536 1816 1595 in
1844 1535 2147 1616 Hispania
2204 1536 2374 1601 Polyb.
2386 1536 2471 1583 ¹³¹²·

245 1633 496 1713 imperio
531 1652 635 1712 per
660 1630 912 1692 eundem
939 1630 1151 1693 ducem
1177 1641 1366 1713 parto.
1451 1630 1669 1712 Itaque
1695 1640 1821 1692 tum
1848 1631 1927 1692 ad
1950 1640 2148 1693 cetera
2168 1600 2473 1729 leomeep.

243 1729 524 1790 ferociter
541 1728 748 1807 legatis
771 1748 1108 1809 responsum
1135 1737 1244 1799 est,
1264 1737 1390 1788 tum
1415 1729 1618 1802 etiam,
1645 1748 1783 1788 cum
1802 1728 1918 1800 illi,
1940 1749 2146 1810 quem·
2172 1731 2225 1779 in
2246 1731 2459 1781 Hamilc.

247 1825 570 1887 admodum
616 1826 676 1885 in
727 1825 1019 1885 mandatis
1062 1824 1384 1897 habebant,
1429 1825 1660 1885 hastam
1706 1824 2151 1907 caduceumque
2172 1796 2343 1847 ²⁰³³·

250 1924 708 2005 proposuissent,
753 1922 897 1981 data
948 1922 1156 1981 Poenis
1197 1922 1460 2003 optione,
1505 1930 1701 1982 utrum
1748 1921 1998 1981 mallent
2038 1920 2150 1981 eli-

251 2022 432 2101 gendi
447 2044 470 2091 3
515 2031 534 2057 ‘
565 2030 833 2081 neutrum
858 2042 920 2081 se
947 2022 1169 2101 legere’
1193 2022 1618 2084 succlamatum
1643 2033 1753 2095 est,
1784 2033 1801 2061 ‘
1826 2023 1931 2084 sed
1957 2033 2152 2085 utrum

251 2118 504 2179 mallent
542 2119 654 2199 ipsi
696 2118 877 2198 legati
913 2119 1332 2201 relinquerent,
1359 2140 1531 2201 aequo
1557 2122 1756 2181 animo
1788 2122 2155 2202 accepturis?

254 2214 410 2276 Inde
454 2214 702 2293 flagrare
741 2213 935 2276 denuo
977 2226 1282 2298 coeperunt
1321 2218 1474 2278 inter
1507 2216 1658 2278 duos
1696 2217 1947 2299 populos
1979 2217 2155 2279 odia:

253 2312 360 2373 sed
395 2321 606 2372 neutro
646 2312 872 2373 bellum
909 2313 1102 2374 adhuc
1137 2314 1396 2394 incipere
1440 2313 1699 2385 volente,
1741 2315 1967 2395 species
2010 2316 2157 2374 ami-

254 2410 440 2481 citiae,
485 2410 674 2488 magis
715 2410 860 2489 quia
893 2430 1010 2470 non
1046 2409 1405 2481 bellabatur,
1447 2431 1627 2491 quam
1670 2409 1831 2491 quod
1876 2408 2001 2471 fida
2039 2431 2159 2492 pax

257 2516 437 2577 emet,
459 2507 688 2565 interea
709 2506 920 2566 tenuit.

341 2610 444 2664 18.
489 2600 696 2662 Ambo
735 2602 950 2663 deinde
989 2603 1257 2666 consules
1299 2602 1378 2664 ad
1420 2602 1624 2664 urbem
1660 2601 1897 2674 reversi,
1922 2623 2059 2664 eum
2085 2600 2161 2662 de

259 2702 438 2762 rebus
475 2721 514 2760 a
551 2720 614 2760 se
649 2701 826 2778 gestis
849 2700 1268 2772 disseruissent,
1296 2700 1659 2782 triumphum
1684 2701 2161 2782 impetraverunt.

263 2799 348 2866 Q.
377 2797 606 2858 Fabius
643 2797 860 2858 multos
896 2797 1176 2876 Ligurum
1201 2799 1260 2856 in
1287 2797 1492 2879 praelio
1515 2797 1837 2870 occiderat,
1864 2803 2163 2875 coegerat·
2216 2821 2351 2873 Plut.
2374 2820 2491 2872 Fab.

261 2915 380 2976 que
417 2895 678 2975 reliquos
712 2895 770 2952 in
814 2893 1193 2974 Alpestribus
1233 2894 1380 2954 locis
1419 2913 1480 2954 se
1506 2895 1829 2965 continere,
1857 2901 2166 2973 tutumque
2188 2903 2235 2940 ⁰·
2259 2891 2308 2938 ³·

263 2995 342 3054 ab
383 2992 624 3054 illorum
666 2992 988 3054 latrociniis
1031 2993 1290 3053 vicinum
1347 2991 1546 3053 Italiae
1601 2993 1757 3052 latus
1808 2990 2164 3052 reddiderat.
2188 3018 2257 3068 F,
2260 3015 2483 3081 ,5029ss

265 3090 398 3151 Hic
447 3097 584 3148 ante
638 3087 841 3148 diem⁷
897 3087 1202 3148 Kalendas
1257 3087 1609 3148 Februarias
1658 3088 2044 3168 triumphavit
2093 3083 2271 3147 deA
2226 3148 2237 3158 ,
2277 3093 2371 3134 θοοὶ
2396 3085 2458 3130 <¹⁰

267 3186 600 3266 Liguribus.
701 3185 911 3246 Idibus
948 3184 1160 3245 deinde
1209 3185 1449 3245 Martiis
1491 3186 1604 3245 Μ’.
1647 3185 2018 3266 Pomponius
2065 3185 2168 3244 tri-
2192 3149 2451 3278 ἷζέὲίἒξ
2437 3211 2491 3262 ·t.

269 3284 554 3366 umphum
595 3281 770 3343 duxit
810 3281 884 3342 de
929 3281 1152 3352 Sardis,
1192 3302 1340 3361 quos
1378 3283 1620 3343 vicerat.
1706 3280 1929 3390 Neque
1972 3289 2171 3340 tamen

269 3379 544 3440 destitere
583 3378 744 3439 bello
773 3377 971 3449 Sardi,
997 3377 1101 3438 sed
1127 3379 1337 3438 irritati
1361 3379 1558 3459 potius
1581 3376 1811 3437 damnis
1843 3377 1961 3437 suis
1992 3396 2171 3457 quam

271 3476 468 3546 fracti,
495 3475 702 3554 majori
728 3475 884 3534 mole
909 3475 1290 3535 rebellionem
1320 3476 1735 3536 instaurarunt.
1818 3473 2023 3534 Ambo
2056 3475 2171 3553 igi-

273 3581 366 3634 tur
389 3573 664 3634 consules
690 3572 781 3632 Μ.
809 3571 1086 3632 AEmilius
1112 3570 1205 3631 M.
1229 3571 1302 3631 F.
1327 3571 1421 3630 M.
1445 3569 1534 3630 N.
1565 3568 1849 3650 Lepidus,
1878 3569 1972 3630 M.
1999 3570 2171 3631 Pub·

276 3669 446 3730 licius
491 3669 564 3729 L.
593 3667 666 3728 F.
696 3668 764 3728 L.
793 3666 884 3729 N.
919 3666 1278 3728 Malleolus⁶
1319 3668 1378 3726 in
1424 3665 1759 3727 Sardiniam
1793 3666 1973 3738 missi,
2011 3685 2175 3746 mag·
2198 3693 2369 3744 202⁸„

276 3787 414 3828 nam
453 3785 534 3826 ex
575 3785 650 3826 ea
689 3765 882 3826 insula
921 3766 1179 3847 praedam
1221 3772 1500 3845 coegere:
1543 3786 1725 3847 quam
1765 3764 2000 3837 deinde,
2041 3784 2178 3824 cum

279 3867 338 3926 in
367 3864 676 3926 Corsicam
703 3865 1172 3933 transmisissent,
1201 3871 1466 3944 ereptam
1493 3883 1531 3923 a
1555 3863 1757 3924 Corsis
1778 3860 2111 3923 amiserunt.

361 3968 462 4022 19.
508 3958 692 4020 Domi
735 3979 969 4041 quoque
1015 3961 1388 4020 vehementer
1434 3979 1506 4018 eo
1549 3968 1813 4042 tempore
1854 3960 2153 4022 turbatum
2233 3937 2403 4005 P⁰¹5b·
2440 3951 2502 3987 ¹¹·

2192 3429 2364 3479 zonat.

2160 4003 2176 4031 '
2201 4009 2285 4056 21.

347 4197 382 4243 ⁶
413 4192 550 4244 Edd.
575 4197 694 4242 ante
719 4193 872 4244 Crev.
895 4209 985 4256 quo
1003 4193 1288 4258 stipendium
1309 4193 1575 4258 exigerent.

347 4261 378 4309 7
415 4259 554 4310 Edu.
577 4268 699 4309 ame
723 4259 876 4310 Crev.
913 4259 999 4310 Sic
1017 4265 1127 4310 unte
1145 4259 1288 4310 diem.

1217 4381 1566 4408 OOOOOWO

1050 4471 1072 4498 0
1104 4463 1170 4516 Α.
1195 4463 1263 4516 v.
1289 4463 1493 4517 osso.
1529 4457 1592 4516 Α.
1619 4462 1811 4517 cass.

417 4544 594 4611 Delph.
611 4550 662 4597 et
693 4546 812 4600 Ver.
827 4543 958 4598 Clas.
1299 4543 1488 4597 uvius.
2272 4547 2301 4590 ⁵
2330 4541 2373 4591 P
