3300 5225
836 475 1007 542 1884
1759 493 1828 542 τ.
1877 491 2071 541 mvn

838 639 919 688 1⁴.
954 633 1171 688 Romani
1208 633 1427 700 impigre
1462 635 1656 686 bellum
1680 641 1944 701 reparant,
1975 641 2034 684 et
2067 634 2146 686 Μ.
2177 633 2364 687 Junius
2398 634 2539 688 Pera
2578 636 2807 688 dictator
2847 652 3020 690 servos

900 731 1102 784 quoque
1124 723 1181 767 et
1198 715 1389 781 capitis
1413 729 1528 766 reos
1560 726 1746 767 armat.
1813 715 2077 766 Hannibal
2099 715 2282 766 iterum
2308 715 2502 767 animos
2536 718 2588 768 N
2593 718 3021 782 eapolitauornm,

896 799 1085 863 partim
1106 813 1221 863 spe,
1248 798 1437 863 partim
1472 803 1634 863 metu,
1657 799 1996 864 nequicquam
2021 803 2212 863 tentat,
2239 804 2297 849 et
2333 799 2386 848 iu
2410 813 2589 862 agrum
2631 799 2891 850 Nolanum
2925 808 3023 850 tra-

896 879 1041 930 ducit
1062 880 1367 930 exercitum.
1436 879 1589 930 Nolae
1622 879 1772 944 plebs
1803 877 1946 929 favet
1981 879 2189 930 Poenis:
2225 885 2282 929 at
2322 892 2534 930 senatus
2569 881 2902 932 simulatione
2933 897 3020 932 ex-

896 961 1057 1011 trahit
1078 959 1422 1010 defectionem
1440 959 1493 1011 in
1510 960 1790 1011 adveutum
1814 959 2016 1010 Claudii
2039 959 2276 1010 Marcelli
2301 962 2560 1027 praetoris,
2583 963 2672 1027 qui
2691 963 2876 1026 legatis
2892 963 3024 1014 clam

895 1056 959 1093 ac
1000 1055 1221 1106 propere
1258 1042 1427 1092 missis
1460 1041 1691 1093 Casilino
1727 1041 2026 1092 arcessitur.
2088 1047 2170 1092 16.
2201 1043 2487 1108 Hannibal,
2524 1043 2665 1094 Nola
2696 1044 3022 1110 Neapolique

894 1124 1112 1187 omissis,
1134 1122 1272 1187 petit
1295 1123 1589 1180 Nuceriam,
1606 1137 1823 1188 eamque
1845 1122 1984 1174 fame
2002 1131 2210 1188 captam
2229 1125 2413 1190 diripit
2431 1132 2485 1175 et
2499 1125 2750 1175 incendit.
2791 1125 3022 1176 Marcel·

892 1204 972 1255 lus
1004 1204 1153 1256 Nolae
1178 1205 1329 1256 timet
1351 1205 1575 1269 plebem,
1596 1213 1653 1256 et
1677 1213 1798 1256 ante
1829 1221 2004 1256 omnes
2033 1207 2086 1257 Ι..
2107 1207 2377 1270 Bantium,
2399 1205 2736 1256 fortissimum
2772 1207 3026 1257 nobilissi-

891 1301 1137 1351 mumque
1158 1287 1405 1352 equitem,
1427 1287 1513 1352 qui
1536 1286 1882 1352 proditionem
1917 1288 2102 1353 patrie
2139 1290 2374 1340 molitur:
2409 1287 2556 1355 hujus
2592 1296 2766 1339 tamen
2800 1289 3024 1339 animum

893 1367 1141 1419 comitate
1179 1383 1242 1418 ac
1277 1366 1423 1419 donis
1463 1382 1671 1433 prorsus
1703 1377 1887 1420 mutat.
1955 1374 2036 1421 lo.
2075 1371 2264 1422 Nolam
2297 1379 2466 1422 castra
2509 1378 2684 1421 movet
2712 1370 2932 1433 Poenus,
2950 1377 3022 1426 et,

891 1449 1049 1515 plebe
1086 1450 1153 1500 de
1186 1450 1390 1516 integro
1423 1450 1489 1501 ad
1528 1447 1873 1502 defectionem
1905 1459 2196 1515 spectante,
2226 1452 2530 1514 Marcellus,
2561 1452 2838 1517 eruptione
2870 1450 3025 1512 facta,

892 1532 1073 1582 hostes
1098 1532 1259 1583 vincit
1282 1530 1551 1597 fugatque.
1619 1536 1700 1582 1⁷.
1739 1532 2000 1584 Hannibal
2024 1534 2254 1585 Acerras
2287 1534 2446 1600 capit,
2477 1541 2535 1584 et
2566 1534 2858 1584 exercitum
2881 1535 3024 1586 ducit

892 1612 1197 1674 Casilinum,
1214 1611 1359 1678 qnod
1376 1614 1442 1662 1).
1462 1611 1776 1664 Praenestini
1795 1621 1850 1664 et
1873 1613 2093 1664 totidem
2105 1613 2216 1664 fere
2237 1615 2475 1664 Perusini
2500 1621 2730 1665 tuentur.
2765 1618 2846 1664 18.
2869 1613 3022 1666 Frus-

891 1700 975 1745 tra
990 1692 1235 1759 oppidum
1260 1708 1457 1744 summa
1482 1694 1531 1745 vi
1548 1708 1845 1760 oppugnare
1867 1700 2034 1760 parat,
2057 1703 2113 1744 et
2135 1695 2270 1760 ipse,
2287 1694 2490 1746 modico
2513 1695 2564 1744 in
2582 1695 2764 1745 castris
2781 1695 3024 1758 praesidio

891 1775 1102 1840 relicto,
1124 1776 1175 1824 in
1196 1774 1425 1840 hyberna
1448 1777 1683 1840 Capuam
1705 1775 1975 1827 concedit=
2010 1776 2100 1827 nbi
2118 1777 2475 1841 voluptatibus
2493 1777 2781 1826 immodicis
2803 1791 3024 1842 corpora

892 1856 1152 1922 animique
1180 1857 1439 1907 exercitus
1472 1857 1584 1922 rjus
1618 1865 1949 1907 enervantur.
2017 1861 2099 1908 19.
2131 1856 2352 1908 Obsidio
2383 1865 2554 1908 tamen
2585 1857 2892 1908 continuata
2925 1858 3024 1909 Ca·

890 1937 1095 1988 ailinnm
1116 1935 1329 1988 adducit
1352 1938 1417 1987 ad
1440 1937 1675 2000 ultimum
1710 1937 1919 2002 inopine,
1941 1953 2056 2002 quae
2089 1952 2120 1987 a
2157 1937 2404 1987 Romanis
2428 1937 2640 2003 quidem
2661 1938 2923 2002 paululum
2957 1939 3026 1988 le·

895 2025 1066 2084 vatur,
1102 2017 1252 2069 doliis
1278 2017 1527 2070 frumenti
1552 2019 1718 2083 plenis
1747 2018 2067 2084 nucibusque
2089 2019 2348 2070 Vulturno
2371 2020 2510 2069 amni
2536 2019 2602 2068 ad
2631 2018 2811 2070 urbem
2836 2021 3024 2086 missis,

892 2099 987 2152 ssd
1011 2099 1221 2151 tandem
1256 2101 1495 2152 obsessos
1534 2100 1601 2151 ad
1640 2115 1754 2151 eam
1783 2099 2016 2150 hostibus
2046 2098 2350 2150 tradendam
2389 2099 2672 2164 compellit,
2709 2107 2869 2165 pacta
2907 2110 3026 2153 ante

894 2181 1211 2232 redemtione
1234 2181 1515 2233 liberorum
1540 2183 1790 2246 capitum.
1855 2184 1938 2230 20.
1973 2180 2168 2232 Eodem
2210 2188 2443 2246 tempore
2467 2179 2715 2244 Petelini,
2735 2183 2825 2246 qui
2849 2184 2940 2233 uni
2961 2199 3024 2234 ex

891 2263 1113 2314 Bruttiis
1149 2270 1444 2315 uianseraut
1466 2265 1520 2314 in
1553 2263 1781 2314 amicitia
1811 2263 2059 2326 Romana,
2093 2278 2126 2312 a
2156 2263 2679 2327 Carthaginiensibus
2699 2263 3025 2331 Bruttiisque

892 2347 1085 2396 ceteris
1125 2353 1511 2411 oppugnantur,
1544 2353 1618 2409 et,
1647 2344 1836 2410 legatis
1868 2343 2067 2395 frustra
2097 2344 2310 2394 Romam
2329 2343 2392 2394 ad
2417 2343 2719 2409 praesidium
2743 2345 3024 2410 petendum

822 2445 829 2454 ·
893 2427 1083 2493 missis,
1106 2428 1200 2477 soli
1221 2426 1500 2478 fortissime
1524 2426 1792 2478 resistunt.
2042 2446 2045 2448 ·

827 2511 909 2561 21.
946 2509 1009 2558 In
1035 2508 1213 2559 Sicilia
1234 2508 1575 2572 Sardiniaque
1594 2508 1659 2559 T.
1683 2507 1940 2559 Otacilius
1961 2516 2017 2559 et
2052 2507 2116 2559 Α.
2137 2506 2406 2558 Cornelius
2435 2507 2716 2558 Mammula
2736 2516 3024 2574 propreto-

892 2604 978 2641 res
1002 2590 1067 2641 ab
1091 2589 1323 2641 Hierone
1344 2597 1401 2641 et
1415 2589 1569 2641 sociis
1594 2589 1893 2640 civitatibus
1911 2588 2239 2655 adjuvantur.
2307 2589 2480 2641 Roma»
2496 2597 2746 2640 creantur
2767 2589 3024 2641 triumviri

892 2672 1151 2734 mensarii,
1171 2678 1226 2722 et
1252 2680 1360 2722 tres
1384 2669 1675 2736 pontifices.
1738 2676 1822 2722 22.
1858 2670 2062 2722 Ibidem
2097 2670 2414 2721 deliberatur
2438 2669 2505 2720 de
2531 2670 2796 2735 explendo
2817 2680 3021 2735 senatu,

894 2754 1107 2819 ejusque
1130 2753 1342 2818 legendi
1366 2768 1525 2803 causa
1552 2752 1629 2803 M.
1661 2753 1855 2803 Fabius
1883 2755 2052 2804 Buteo
2088 2768 2154 2803 ex
2193 2754 2332 2803 scio
2365 2752 2594 2803 dictator
2636 2753 2750 2803 sine
2771 2755 3023 2819 magistro

892 2836 1123 2901 equitum
1144 2836 1193 2883 in
1218 2849 1309 2884 sex
1326 2848 1529 2886 menses
1546 2834 1757 2884 dicitur.
1823 2838 1906 2884 23.
1940 2834 1995 2884 Is
2015 2847 2268 2885 cmxxvii.
2289 2848 2406 2884 cum
2427 2834 2627 2899 ingenti
2647 2835 3026 2899 approbatione

890 2916 1150 2967 bominum
1174 2917 1226 2967 in
1251 2916 1443 2967 Patres
1467 2917 1613 2981 legit,
1634 2924 1690 2967 et
1712 2916 1978 2980 extemplo
2000 2931 2056 2966 se
2082 2915 2288 2967 abdicat
2311 2916 2639 2980 magistratu.
2702 2920 2786 2967 24.
2821 2918 2900 2967 Μ.
2931 2916 3026 2969 Ju-

890 2998 1006 3050 nius
1031 2998 1169 3049 Pera
1196 2998 1444 3061 dictator,
1468 2998 1685 3048 Romam
1723 2998 1941 3059 accitus,
1975 2996 2185 3047 comitia
2211 2996 2391 3060 edicit,
2411 2996 2596 3062 quibus
2633 2996 2694 3047 1..
2726 2996 3026 3049 Postumius

890 3092 979 3129 m.
1012 3079 1198 3130 absens
1220 3087 1277 3130 et
1304 3078 1390 3129 Ti.
1424 3078 1756 3144 Sempronius
1782 3077 2068 3136 Gracchus,
2107 3078 2355 3142 magister
2376 3078 2610 3144 equitum
2643 3086 2700 3130 ct
2733 3078 2906 3130 aedilis
2938 3094 3022 3131 cu·

891 3160 1039 3223 ruiis,
1058 3161 1293 3212 eonsules
1317 3168 1578 3212 creantur.
1642 3160 1748 3211 Sed
1772 3174 1888 3210 mox
1912 3160 2182 3210 nuntiatur
2213 3158 2392 3210 clades
2425 3160 2681 3211 Postumii
2703 3168 2862 3226 atque
2878 3176 3026 3213 eaer-

889 3242 1023 3292 citns
1044 3242 1176 3307 ejus,
1198 3242 1251 3292 in
1293 3242 1479 3293 Litana
1498 3242 1645 3307 sylva
1667 3257 1700 3292 a
1736 3241 1904 3294 Gallis
1927 3239 2234 3293 deletorum.
2299 3246 2380 3293 25.
2403 3242 2626 3293 Senatus
2647 3244 2914 3308 negotium
2937 3244 3029 3295 dat

889 3320 1152 3385 sedilibus,
1176 3331 1231 3373 ut
1268 3324 1401 3375 Urbi
1436 3324 1699 3375 moestitiae
1734 3323 1960 3389 publice
1983 3324 2210 3389 speciem
2235 3322 2372 3374 demi
2387 3323 2631 3389 jubeant,
2663 3330 2740 3386 et,
2761 3324 2944 3375 Gallia
2963 3340 3029 3376 eo

890 3417 1027 3454 anno
1051 3404 1261 3470 omissa,
1293 3404 1359 3455 de
1398 3405 1551 3455 boste
1587 3405 1774 3471 Poeno,
1813 3404 2225 3471 legionibusque,
2261 3419 2358 3471 per
2387 3419 2516 3472 quas
2555 3404 2606 3455 id
2633 3405 2824 3455 bellum
2847 3406 2918 3457 sit
2938 3422 3032 3471 ge·

893 3485 1130 3544 rendum,
1145 3487 1421 3537 consultat.
1488 3487 1757 3553 Reliquias
1781 3488 2040 3538 exercitus
2065 3487 2350 3539 Cannensis
2371 3486 2572 3537 traduci
2593 3488 2645 3537 in
2665 3486 2898 3539 Siciliam
2917 3489 3030 3555 pla·

890 3572 997 3624 cet,
1019 3566 1139 3618 inde
1162 3581 1287 3617 vero
1308 3567 1436 3618 duas
1459 3569 1615 3619 acciri
1640 3569 1889 3634 legiones,
1912 3578 1968 3619 et
1989 3569 2206 3620 totidem
2233 3570 2454 3619 urbanas
2476 3567 2752 3619 conscribi.

826 3650 911 3699 26.
946 3647 1009 3699 In
1033 3648 1286 3714 Hispania
1304 3650 1595 3715 Scipiones,
1615 3651 1804 3700 cnaeus
1827 3656 1987 3715 terra,
2009 3652 2223 3702 Publius
2241 3650 2387 3714 mari,
2407 3663 2657 3714 prospere
2670 3664 2780 3700 rem
2795 3658 2990 3715 gerunt
3010 3667 3027 3703 ε

895 3736 949 3781 et
972 3730 1230 3795 Carpesii,
1253 3730 1323 3781 ab
1345 3731 1676 3783 Hasdrubale
1700 3730 1950 3791 infestati,
1973 3733 2104 3783 duce
2127 3731 2302 3784 Galbo
2315 3732 2487 3782 hostes
2503 3731 2728 3782 animose
2745 3734 3029 3797 repellunt.

890 3814 973 3862 27.
1008 3812 1269 3863 Universa
1289 3813 1495 3879 quiden·
1520 3814 1631 3864 bsec
1655 3827 1782 3878 gens
1803 3815 1855 3865 iu
1881 3814 2199 3867 deditionem
2224 3813 2403 3875 venit;
2437 3812 2530 3863 sed
2568 3812 2786 3863 subinde
2807 3814 2878 3864 ab
2899 3814 3024 3865 Car-

894 3892 1104 3958 tbagine
1129 3890 1365 3957 affertur,
1404 3900 1464 3944 ut
1488 3893 1793 3945 Hasdrubal
1815 3895 1868 3944 in
1902 3894 2107 3945 Italiam
2137 3894 2424 3945 exercitum
2447 3894 2637 3945 ducat=
2672 3908 2791 3959 qum
2815 3896 3030 3960 vulgata

890 3986 975 4025 res
999 3988 1094 4039 per
1116 3974 1422 4040 Hispaniam
1442 3975 1668 4026 omnium
1684 3972 1848 4025 ferme
1865 3974 2062 4026 animos
2082 3974 2146 4025 ad
2163 3974 2424 4025 Romanos
2437 3972 2644 4024 avertit.
2682 3978 2762 4024 28.
2792 3972 3025 4026 Himilco

890 4053 1205 4119 Carthagine
1240 4068 1357 4105 cum
1392 4056 1629 4106 exercitu
1656 4054 1799 4119 justo
1831 4064 2088 4122 auctaque
2113 4056 2280 4107 classe
2313 4055 2380 4104 ad
2417 4052 2662 4105 tuendam
2703 4054 3018 4120 Hispaniam

892 4136 1136 4201 mittitur,
1179 4143 1236 4188 et
1272 4136 1589 4196 Hasdrubal,
1628 4136 1862 4202 pecuniis
1898 4140 2083 4203 raptim
2123 4137 2338 4202 exactis,
2379 4136 2444 4187 ad
2487 4135 2695 4187 Iberum
2730 4136 3035 4189 deseendit.

890 4217 1162 4281 Scipiones
1186 4219 1232 4267 ei
1248 4219 1450 4283 junctis
1470 4218 1635 4285 copiis
1668 4218 1874 4270 obviam
1898 4227 2044 4279 eunt,
2075 4228 2130 4271 et
2169 4234 2290 4271 mox
2312 4217 2494 4270 eodem
2531 4218 2614 4269 die
2639 4219 2781 4270 velut
2802 4232 2869 4269 ea
2886 4234 3031 4271 com·

894 4298 1061 4363 posito
1082 4300 1339 4365 utrimque
1361 4299 1561 4365 signum
1584 4314 1771 4365 pugnae
1794 4303 2117 4370 proponitur.
2183 4306 2267 4353 29.
2301 4300 2531 4351 Vincunt
2554 4298 2792 4366 Romani,
2808 4308 2866 4353 et
2889 4300 3032 4352 Has·

894 4380 1077 4432 drubal
1100 4395 1218 4433 cum
1240 4382 1421 4448 paucis
1443 4378 1640 4447 effugit.
