3300 5225
835 454 1011 523 1784
1775 468 1850 521 τ.
1894 467 2092 519 mvn

834 618 1187 697 midarum,
1218 614 1559 702 equitibus
1588 614 1994 701 quingentis,
2025 610 2113 679 ad
2149 610 2664 698 depopulandos
2701 612 3038 686 sociorum

836 720 1076 807 populi
1108 719 1401 785 Romani
1430 737 1629 803 agros
1666 718 1900 783 mittit.
1989 716 2210 783 Gallis
2255 717 2448 801 parci
2482 736 2688 802 quam
2737 716 3036 783 maxime

827 824 1044 910 jubet,
1103 821 1613 907 principumque
1687 822 1948 887 animos
2019 818 2350 886 solicitari
2419 819 2511 885 ad
2565 818 3039 890 defectionem.

838 926 1057 993 Ponte
1110 923 1441 1010 perfecto,
1488 923 1843 991 traductus
1890 922 2250 989 Romanus
2301 923 2638 991 exercitus
2687 922 2760 989 in
2808 942 3040 1007 agrum

838 1028 1229 1095 Insubrium
1274 1028 1569 1113 quinque
1614 1026 1832 1095 millia
1869 1045 2195 1112 passuum
2224 1046 2268 1092 a
2296 1025 2711 1093 Victumulis
2732 1034 2786 1077 ¹⁷
2803 1034 2831 1063 ⁸
2877 1046 3044 1093 con-

838 1132 1037 1203 sedit.
1124 1130 1235 1197 Ibi
1266 1131 1615 1199 Hannibal
1644 1137 1870 1197 castra
1897 1129 2235 1197 habebat:
2275 1137 2731 1216 revocatoque
2755 1149 3042 1215 propere

841 1234 1239 1302 Maharbale
1266 1243 1467 1320 atque
1496 1234 1866 1320 equitibus,
1895 1252 2054 1299 cum
2081 1232 2330 1299 instare
2357 1240 2688 1299 certamen
2719 1240 3041 1314 cerneret,

828 1338 1003 1405 nibil
1030 1358 1327 1424 unquam
1358 1338 1528 1405 satis
1554 1337 1810 1404 dictum
1839 1337 2443 1423 praemonitnmqne
2473 1335 2558 1402 ad
2591 1336 3040 1405 cohortandos

834 1442 1086 1511 milites
1108 1449 1315 1521 ratus,
1338 1441 1605 1508 vocatis
1624 1441 1714 1509 ad
1739 1440 2122 1508 concionem
2139 1446 2322 1507 certa
2342 1441 2618 1526 praemia
2631 1442 3042 1524 pronuntiat,

838 1545 911 1611 in
940 1564 1219 1630 quorum
1264 1563 1458 1630 spem
1501 1551 1898 1631 pugnarent.
1983 1548 2006 1578 ‘
2031 1542 2284 1628 Agrum
2327 1564 2482 1609 sese
2527 1542 2833 1611 daturum
2885 1566 3044 1611 esse

838 1647 909 1717 in
959 1648 1190 1727 Italia,
1238 1646 1499 1729 Africa,
1549 1647 1922 1733 Hispania,
1969 1646 2092 1713 ubi
2135 1646 2427 1733 quisque
2457 1647 2642 1728 velit,
2673 1646 3042 1714 immunem

838 1750 1001 1835 ipsi,
1019 1752 1138 1836 qui
1161 1754 1560 1837 accepisset,
1578 1751 1982 1837 liberisque:
2027 1750 2146 1834 qui
2166 1751 2548 1835 pecuniam,
2565 1769 2766 1836 qnam
2787 1770 3043 1835 agrum,

838 1853 1213 1934 maluisset,
1244 1854 1411 1921 eise
1438 1862 1708 1939 argento
1740 1858 1910 1921 satis
1935 1854 2311 1921 facturum:
2354 1854 2472 1939 qui
2493 1856 2832 1921 sociorum
2855 1856 3046 1922 cives

842 1955 1421 2041 Carthaginienses
1446 1958 1593 2025 fieri
1622 1958 1898 2038 vellent,
1927 1962 2334 2044 potestatem
2357 1956 2727 2025 facturum:
2771 1958 3044 2044 quido-

836 2078 987 2126 mos
1014 2060 1232 2128 redire
1258 2060 1556 2140 mallent,
1603 2061 1913 2129 daturum
1951 2080 2028 2127 se
2079 2080 2380 2147 operam,
2407 2080 2494 2127 ne
2531 2061 2730 2145 cujus
2761 2081 3044 2128 suorum

840 2164 1273 2249 popularium
1300 2170 1623 2231 mutatam
1644 2163 1696 2205 ¹⁸
1727 2184 1962 2231 secum
1991 2165 2322 2230 fortunam
2350 2184 2500 2230 esse
2528 2162 2818 2231 vellent-⁹
2887 2166 3044 2231 Ser-

840 2267 949 2334 vis
977 2286 1251 2353 quoque
1278 2267 1585 2335 dominos
1604 2268 1984 2354 prosecutis
2005 2269 2375 2334 libertatem
2401 2268 2738 2353 proponit,
2759 2276 2814 2319 ¹⁹
2841 2268 3044 2335 bina-

841 2388 979 2457 que
1024 2389 1150 2456 pro
1180 2370 1288 2437 his
1326 2372 1668 2458 mancipia
1715 2370 2008 2437 dominis
2057 2389 2134 2437 se
2173 2370 2600 2437 redditurum.
2688 2370 2929 2457 anue
2965 2379 3044 2439 ut

840 2482 999 2539 rata
1024 2474 1275 2540 scirent
1303 2473 1465 2552 fore,
1510 2494 1754 2558 agnum
1797 2473 1977 2540 laeva
2017 2493 2240 2554 manu,
2286 2473 2562 2541 dextera
2593 2474 2852 2540 silicem
2881 2476 3044 2541 reti-

842 2594 1034 2658 nens,
1086 2577 1147 2643 si
1189 2575 1465 2660 falleret,
1518 2576 1762 2644 Jovem
1812 2584 2202 2662 ceterosque
2241 2583 2553 2664 precatus
2600 2577 2816 2658 Deos,
2843 2578 2934 2646 ita
2963 2599 3043 2646 se

842 2687 1234 2760 mactarent,
1281 2680 1852 2766 quemadmodum
1889 2681 2038 2766 ipse
2089 2700 2331 2765 agnum
2379 2689 2774 2762 mactasset,
2801 2702 3042 2748 secun-

842 2781 1003 2848 dum
1047 2784 1493 2869 precationem
1538 2791 1750 2870 caput
1797 2783 2080 2870 pecudis
2133 2803 2307 2851 saxo
2358 2785 2586 2851 elisit.b
2669 2785 2847 2851 Tum
2877 2805 3042 2854 vero

1762 2951 2128 2974 ΟΜΝ*

844 3080 851 3090 -
910 3054 974 3101 17
1012 3051 1127 3102 Vie-
1163 3053 1357 3104 tunuli·
1394 3052 1525 3104 Mn.
1548 3067 1728 3104 omues
1765 3061 1819 3104 et
1843 3053 1976 3104 md.
2001 3053 2332 3104 vetustiores.
2395 3052 2529 3104 Inde
2559 3059 2742 3117 postes
2773 3053 3044 3105 Rubenius

842 3113 1024 3169 effecit
1054 3118 1354 3182 Viam-iniis,
1374 3119 1514 3186 quod
1535 3121 1854 3172 recentiores
1875 3119 2012 3170 Edd.
2029 3124 2490 3185 recept-,runn—le
2512 3120 2638 3170 Vct.
2655 3119 2743 3170 lib.
2760 3134 2845 3186 sp.
2861 3121 3046 3186 Sigon.

1829 3267 2057 3322 NoTAE

904 3389 933 3418 ⁸
967 3382 1185 3446 Qut-qu
1214 3382 1367 3434 millia
1401 3399 1625 3448 psum
1659 3401 1692 3435 a
1737 3384 1903 3436 Victa·
1983 3383 2234 3436 snbrimn.

843 3459 987 3510 mulis
1040 3459 1192 3526 [Vico
1227 3457 1443 3523 tumulis]
1496 3459 1740 3526 vulgaris
1791 3461 1905 3513 boec
2046 3461 2093 3512 A
2123 3460 2406 3512 Victumulis
2425 3459 2763 3527 [V'tctumviis]
2801 3459 2933 3512 enm
2954 3461 3044 3514 bic

842 3535 1005 3586 lectio
1036 3543 1133 3587 est.
1198 3537 1267 3588 Et
1290 3536 1486 3588 sanein
1508 3538 1701 3588 tabulis
1721 3552 1908 3589 occur·
1985 3537 2118 3588 Mss.
2139 3537 2371 3590 babeant
2397 3538 2725 3596 vicorum-elie,
2741 3537 2796 3590 J.
2821 3539 2882 3589 1²².
2907 3539 3044 3590 Gro-

844 3613 916 3664 rit
938 3614 1084 3665 locus
1104 3615 1246 3666 inter
1271 3613 1513 3666 Ticinum
1535 3623 1589 3666 et
1622 3616 1904 3667 Novariam
1985 3614 2169 3667 novius
2191 3615 2554 3680 suspicabatur
2584 3615 2689 3680 legi
2720 3631 2893 3681 posse,
2925 3617 3046 3667 tert·

843 3703 1038 3756 amna,
1078 3693 1234 3757 vulgo
1278 3689 1495 3750 Diuoli3
1539 3691 1678 3756 quod
1719 3704 1906 3742 nomen
1983 3692 2144 3757 mulis,
2164 3694 2302 3759 qnod
2322 3709 2506 3744 nomen
2527 3700 2612 3743 est
2631 3693 2732 3744 loci
2755 3694 2805 3742 in
2827 3693 3048 3746 Vercel-

844 3767 971 3818 sstls
993 3767 1236 3818 convenit
1256 3781 1373 3817 cum
1395 3781 1521 3818 voce
1540 3767 1750 3820 mli.
1769 3768 1906 3820 Gro-
1985 3767 2116 3821 lensi
2145 3784 2290 3835 agro.
2356 3770 2460 3821 Sed
2495 3771 2670 3836 agitur
2702 3769 2768 3821 de
2801 3771 2921 3822 loeo
2953 3773 3046 3837 qni

844 3843 1028 3894 novius
1060 3842 1344 3894 Victis-viis
1373 3843 1625 3908 reposuit.
1687 3845 1760 3896 Et
1780 3857 1907 3896 vero
1986 3860 2090 3897 non
2121 3848 2304 3911 procul
2326 3861 2358 3898 a
2391 3847 2684 3911 Placentia,
2717 3853 2774 3899 et
2807 3845 2945 3899 forte
2973 3849 3044 3898 ad

852 3919 1147 3973 Victis-viss
1178 3927 1271 3971 snt
1298 3918 1573 3972 Vicum-tau
1602 3921 1906 3987 Emporium
1987 3925 2206 3975 alteram
2229 3925 2366 3976 Padi
2397 3926 2579 3991 ripam.
2633 3924 2774 3976 Vide
2796 3939 2844 3976 c.
2865 3928 2951 3976 6⁷.
2983 3925 3044 3975 J.

846 3997 1089 4048 Romanis
1110 3997 1315 4049 Gallico
1334 3998 1474 4049 bello
1494 3999 1746 4050 munitum
1779 4013 1908 4064 pan·
1991 4003 2222 4054 ctericus.

846 4076 899 4126 lo
922 4083 1041 4141 post
1064 4077 1299 4127 nominat
1322 4075 1435 4126 mv.
1456 4091 1573 4141 esp.
1594 4081 1678 4128 57.
1720 4077 1821 4128 Sed
1845 4077 1906 4128 il·
2048 4077 2077 4114 δ
2107 4080 2242 4130 Saxo
2255 4081 2412 4148 elisit]
2445 4079 2755 4147 Descriptus
2771 4087 2856 4132 est
2874 4081 3046 4133 solen·

844 4150 937 4202 lud
958 4150 1025 4201 sd
1059 4149 1297 4201 dextram
1328 4151 1458 4202 Padi
1495 4166 1659 4219 prope
1686 4153 1905 4206 Placen·
1983 4154 2064 4206 nis
2081 4154 2164 4206 bic
2183 4155 2418 4208 firmandi
2431 4157 2768 4224 jurisjurandi
2793 4159 2925 4209 ritus
2939 4159 2977 4210 Ι.
3001 4173 3044 4210 ι.

846 4227 974 4279 tiam
998 4227 1155 4279 fnisse
1187 4227 1388 4280 scribit.
1445 4228 1551 4280 Hic
1580 4243 1706 4280 vero
1739 4230 1905 4293 vicus,
1984 4247 2102 4298 cap.
2123 4237 2207 4285 24.
2277 4237 2357 4288 De
2377 4234 2714 4302 jurejurando
2736 4250 2834 4300 per
2854 4235 3045 4288 Jovem

846 4305 913 4357 de
946 4320 1051 4372 quo
1078 4319 1215 4357 nnnc
1235 4307 1424 4370 agitur,
1448 4306 1511 4357 sd
1536 4309 1714 4358 laevsm
1737 4305 1904 4358 flumi-
1983 4310 2209 4377 lapidem
2243 4314 2523 4364 Favorinus
2558 4313 2696 4378 apud
2717 4313 2859 4366 Gen.
2891 4313 2982 4364 lib.
3005 4327 3048 4366 t.

846 4384 946 4444 nis,
968 4399 1027 4438 ac
1051 4391 1193 4438 trans
1214 4385 1450 4438 Ticinum
1472 4384 1573 4438 fuit
1588 4387 1641 4438 in
1665 4401 1790 4454 agro
1813 4385 1902 4438 In·
1983 4402 2098 4455 cap.
2129 4393 2210 4444 21.
2242 4392 2556 4444 Plutarchus
2585 4393 2636 4442 in
2657 4391 2818 4456 Sylla.
2883 4391 3047 4458 Poly·
