3300 5225
812 550 1020 607 mam
1071 552 1245 602 xix.
1291 551 1941 603 surrnnunnrun.
2308 532 2481 603 1598

335 702 440 761 20.
485 698 582 760 At
605 694 832 759 Poenus
853 700 1074 760 interea
1109 698 1327 760 laevum
1361 696 1594 760 hostilis
1613 698 1768 760 aciei
1800 718 1981 759 cornu
2008 717 2155 781 prae-

253 806 573 869 tervectus,
598 817 736 857 cum
760 798 1007 858 navibus
1030 799 1295 858 rostratis
1335 798 1615 879 quinque,
1657 804 1749 858 tot
1782 798 1936 858 enim
1960 816 2161 857 secum

257 895 541 965 habebat,
564 893 856 955 Romanis
878 896 1184 956 obvertere
1208 894 1458 955 frontem
1481 895 1682 977 coepit,
1710 894 1894 955 altum
1922 902 2156 975 patens-

251 1010 374 1071 que
409 1010 572 1052 mare
601 1012 640 1052 a
661 1000 828 1071 tergo
850 993 1108 1053 habens:
1149 992 1324 1053 simul
1353 992 1500 1053 alios
1523 1012 1779 1064 suorum,
1817 1000 1887 1052 ut
1910 992 2159 1073 quisque

256 1088 602 1160 advenerat,
631 1087 948 1168 adjungere
974 1110 1036 1149 se
1067 1091 1234 1169 justo
1259 1088 1568 1151 intervallo
1595 1089 1887 1171 prioribus
1910 1089 2160 1149 navibus

243 1186 466 1264 jubet:
511 1194 592 1256 et,
617 1196 928 1267 postquam
952 1206 1155 1246 omnes
1178 1186 1388 1247 eadem
1413 1187 1560 1247 serie
1585 1186 1827 1247 directae
1854 1193 2011 1257 sunt,
2038 1206 2158 1245 ser-

252 1283 413 1343 vatis
430 1282 733 1343 ordinibus
757 1282 816 1342 in
843 1282 1070 1343 hostem
1095 1294 1312 1345 movet.
1355 1284 1614 1364 Jamque
1637 1282 1942 1344 sublatum
1958 1282 2159 1343 utrim-

253 1399 374 1459 que
416 1398 498 1439 ex
539 1380 810 1460 praetoria
843 1400 1054 1462 pugnae
1078 1380 1308 1460 signum
1334 1390 1482 1455 erat,
1523 1400 1661 1441 cum
1686 1382 1847 1440 omni
1886 1400 1965 1440 ex
1992 1388 2161 1461 parte

253 1476 473 1537 acriter
495 1476 877 1549 concurritur,
914 1478 1043 1557 pari
1077 1479 1268 1558 primo
1310 1499 1437 1559 spe,
1483 1477 1586 1538 sed
1629 1476 1879 1537 subinde
1918 1477 2161 1537 meliore

254 1573 832 1653 Carthaginiensium
877 1573 1130 1636 fortuna.
1215 1574 1578 1657 Quanquam
1605 1574 1762 1635 enim
1787 1593 2028 1634 numero
2054 1593 2161 1633 na-

234 1671 418 1731 'vium
441 1669 850 1742 vincebantur,
871 1671 1110 1731 armatis
1134 1681 1363 1732 tantum
1387 1672 1728 1752 nonaginta,
1770 1671 1943 1750 longe
1966 1680 2160 1731 tamen
2187 1673 2339 1725 Diod.
2362 1673 2471 1728 Ecl-

249 1767 434 1826 rebus
479 1765 614 1827 aliis
651 1769 973 1849 superiores
1015 1778 1218 1829 erant:
1260 1790 1399 1829 nam
1438 1779 1501 1830 et
1525 1770 1777 1830 navibus
1800 1742 2463 1857 melioribu8,¹1‚5¹ffl⁰5¹

249 1871 314 1924 et
340 1865 832 1924 exercitatissimo
858 1866 1076 1944 remige
1103 1866 1450 1927 utebantur:
1500 1866 1697 1927 locum
1725 1875 1922 1926 autem
1951 1886 2163 1947 pugnae
2276 1823 2309 1873 y
2344 1842 2359 1858 ο
2387 1842 2401 1857 ’
2472 1836 2492 1859 ⁸

249 1961 448 2021 sortiti
471 1971 644 2021 erant
663 1962 1220 2034 commodissimum,
1247 1972 1334 2034 ut,
1366 1965 1600 2044 quoties
1623 1971 1986 2042 urgerentur,
2015 1962 2163 2023 libe-

249 2079 386 2119 rum
413 2059 475 2118 in
517 2079 676 2119 mare
702 2070 1000 2141 receptum
1041 2059 1347 2133 haberent,
1389 2060 1706 2123 velocitate
1748 2081 1856 2121 sua
1880 2081 1958 2121 ex
2000 2060 2165 2121 facili

249 2154 351 2216 vel
378 2154 602 2215 elusuri
638 2156 863 2217 hostem
891 2158 1226 2229 instantem,
1255 2157 1352 2219 vel
1380 2158 1583 2230 etiam,
1626 2158 1678 2218 si
1712 2157 1944 2237 longius
1969 2178 2166 2239 prose-

253 2262 563 2333 queretur,
614 2252 1084 2316 circumventuri.
1168 2254 1462 2315 Romanis
1485 2264 1693 2316 contra
1736 2254 1814 2315 ad
1853 2254 2019 2315 littus
2060 2276 2165 2337 ap-

255 2352 481 2432 pressis
509 2340 566 2410 in
593 2358 758 2411 arcto
783 2352 1020 2413 omnia:
1062 2371 1178 2412 non
1199 2372 1532 2433 procurrere
1560 2352 1745 2414 libero
1770 2353 2013 2434 impetu,
2050 2373 2168 2412 non

257 2448 538 2523 inhibere
563 2456 692 2508 tuto
729 2457 1038 2532 poterant:
1083 2447 1211 2519 sed,
1239 2450 1471 2530 quoties
1495 2458 1737 2529 urgente
1775 2444 1941 2510 hoste
1985 2458 2169 2512 retro-

251 2544 584 2617 cedebant,
629 2552 736 2606 aut
776 2566 972 2628 puppe
1015 2547 1074 2606 in
1119 2545 1327 2607 sabulo
1353 2544 1659 2607 desidente
1693 2540 2021 2620 haerebant,
2067 2555 2175 2607 aut

253 2643 512 2724 impacti
552 2643 848 2704 littoribus
897 2643 1398 2724 periclitabantur.
1482 2644 1585 2705 Ita
1627 2665 1764 2706 cum
1807 2664 1997 2724 neque
2038 2665 2171 2726 per-

255 2761 539 2822 rumpere
570 2741 830 2801 hostium
855 2740 1140 2813 ordinem,
1167 2749 1229 2802 et
1253 2760 1444 2801 rursus
1481 2761 1520 2802 a
1541 2751 1707 2822 tergo
1731 2740 2009 2803 invadere
2036 2761 2172 2824 pos-

251 2846 418 2908 sent,
445 2839 530 2898 ob
557 2837 894 2898 tarditatem
921 2839 1163 2898 navium
1206 2839 1606 2919 remigumque
1633 2838 2025 2920 imperitiam:
2070 2859 2171 2900 ne-

255 2955 382 3016 que
409 2936 494 2996 ob
517 2935 814 3016 angustias
841 2935 1124 3007 locorum,
1154 2936 1308 2996 intra
1333 2956 1468 3016 quae
1491 2935 1753 2996 conclusi
1776 2944 1968 3008 erant,
2004 2934 2173 2996 labo-

254 3033 537 3094 rantibus
559 3034 679 3093 suis
713 3053 886 3115 opem
914 3053 953 3094 a
975 3032 1161 3116 puppi
1185 3031 1358 3105 ferre,
1383 3033 1620 3115 impune
1658 3053 1696 3094 a
1724 3032 2173 3114 Carthaginien-

249 3130 428 3191 sibus
447 3131 843 3192 vexabantur.
1347 3138 1350 3141 '

341 3233 452 3287 21.
496 3225 605 3287 Ad
635 3227 741 3288 has
766 3225 1145 3287 difficultates
1170 3235 1498 3287 accesserat
1522 3234 1585 3286 et
1608 3226 1731 3304 alia
1754 3224 2175 3309 desperationis

251 3345 336 3385 ex
363 3321 652 3404 religione
687 3344 905 3385 causa:
949 3323 1150 3405 iraque
1180 3323 1444 3384 Deorum
1479 3344 1542 3384 se
1582 3323 1767 3405 premi
1791 3324 2069 3384 rebantur
2093 3325 2174 3385 ob

255 3421 661 3482 temeritatem
702 3421 980 3492 consulis,
1011 3421 1115 3501 qui
1155 3429 1360 3481 contra
1401 3421 1666 3502 auspicia
1706 3441 1965 3502 pugnare
2003 3422 2172 3482 susti·
2198 3433 2331 3486 Eutr.
2352 3433 2387 3484 1.
2404 3449 2470 3487 xx.

254 3519 512 3590 unisset,
538 3518 618 3579 ad
642 3517 975 3598 neglectum
998 3516 1344 3598 religionum
1371 3519 1551 3582 etiam
1565 3516 1925 3578 contumelia
1950 3517 2175 3580 addita.
2198 3499 2503 3616 ῧὶξὲῗθιῗῗ·

259 3613 496 3676 Pullos
509 3617 688 3688 enim,
709 3616 988 3695 quoniam
1003 3635 1121 3676 non
1137 3615 1547 3696 pascebantur,
1565 3615 1625 3674 in
1645 3634 1807 3675 mare
1824 3615 2177 3698 praecipitari
2199 3597 2471 3683 Hor-..usa
2485 3596 2502 3615 ⁰

245 3715 544 3793 jusserat,
588 3721 608 3748 ‘
631 3719 700 3772 ut
723 3712 1014 3786 biberent,
1057 3711 1296 3793 quando
1321 3732 1446 3772 esse
1471 3711 1741 3772 nollent?
1784 3711 1881 3772 Ea
1907 3733 2019 3784 res,
2044 3723 2177 3774 tan-
2198 3695 2313 3744 val.
2332 3695 2471 3744 ΜΨ

257 3829 452 3890 qnam
478 3809 678 3870 invitis
703 3809 978 3890 iratisque
1006 3807 1144 3869 Diis
1168 3807 1520 3889 praeliantes,
1563 3808 1640 3869 ad
1666 3809 1867 3869 omnia
1888 3809 2181 3892 segniores
2201 3765 2436 3875 ‘'sssbss'in

257 3905 710 3987 timidioresque
736 3905 980 3967 fecerat.
1065 3905 1186 3966 Sed
1213 3907 1325 3988 ipsi
1349 3905 1538 3966 cladis
1565 3907 1812 3978 auctori,
1832 3926 1967 3967 cum
1982 3916 2181 3969 cetera
2198 3891 2308 3945 Tib.
2329 3905 2374 3942 ⁶·
2396 3893 2447 3941 ²·

257 4003 646 4086 perdidisset,
680 4003 848 4064 adse
873 4002 1356 4075 conservandum,
1379 4023 1487 4064 nec
1515 4003 1834 4084 ingenium,
1855 4023 1963 4065 nec
1990 4004 2177 4066 auda-

255 4101 363 4163 cia
388 4097 604 4161 defuit.
692 4101 934 4182 Quippe
961 4121 1097 4160 cum
1123 4119 1304 4160 naves
1327 4119 1464 4160 suas
1485 4100 1705 4182 passim
1739 4100 1987 4182 deprimi
2010 4103 2175 4184 capi-

257 4219 388 4280 que
417 4196 667 4272 videret,
704 4199 973 4260 assumtis
1008 4197 1250 4277 triginta
1285 4217 1419 4278 quae
1462 4198 1749 4279 proximae
1773 4198 2175 4273 constiterant,
2198 4207 2375 4277 Polyb.

261 4297 427 4357 inter
451 4293 621 4356 littus
646 4304 708 4356 et
731 4293 1004 4356 hostilem
1028 4293 1275 4355 classem
1311 4293 1544 4376 elapsus
1583 4303 1708 4356 est:
1751 4303 1834 4367 et,
1854 4315 1973 4375 quo
1998 4297 2180 4356 tutior

264 4393 352 4453 ad
380 4389 823 4473 Lilybaetanum
865 4393 1186 4453 exercitum
1228 4401 1496 4472 receptus
1542 4390 1715 4464 foret,
1770 4393 2174 4473 (praetemavi-

409 4506 584 4570 Daph.
601 4511 654 4557 et
680 4507 803 4558 var.
817 4505 950 4556 ctas.
1292 4503 1480 4559 ιευεω.
2259 4511 2291 4556 ε
2317 4504 2371 4558 N
