3300 5225
824 476 1006 543 1670

824 634 1219 723 proponite3
1260 650 1413 720 quae
1440 638 1616 701 terra
1645 635 1945 720 marique
1984 654 2108 719 per
2129 638 2416 719 quatuor
2443 636 2514 699 et
2543 632 2778 716 viginti
2811 642 3032 699 anuos

826 740 1014 828 passi
1054 739 1225 805 sitis.
1312 738 1468 805 Nec
1509 757 1674 823 puer
1703 739 1813 803 hic
1843 738 1985 803 dux
2009 745 2170 815 erat,
2219 736 2338 801 sed
2371 743 2560 820 pater
2584 737 2736 821 ipse
2766 736 3035 810 Hamil·

830 860 971 919 car,
1000 840 1187 907 Mars
1214 842 1401 920 alter,
1428 846 1503 907 ut
1531 841 1645 907 isti
1679 841 1931 905 volunt.
2019 840 2156 905 Sed
2207 844 2364 906 tunc
2407 839 2752 917 Tarent0‚¹
2797 839 2870 903 id
2901 846 3035 915 est,

828 942 1114 1023 Italia,¹⁸
1156 964 1293 1009 non
1318 944 1854 1010 abstinueramus
1879 963 1970 1009 ex
1999 943 2286 1025 foedere3
2333 944 2510 1008 sicut
2529 962 2704 1007 nunc
2733 943 3038 1025 Sagunto

830 1065 969 1113 non
1010 1047 1447 1115 abstinemus.
1540 1045 1872 1113 Vicerunt
1915 1066 2076 1129 ergo
2121 1046 2244 1111 Dii
2289 1045 2775 1130 hominesque;
2820 1056 2914 1123 et,
2959 1044 3036 1109 id

832 1150 917 1217 dc
946 1170 1083 1235 quo
1116 1151 1339 1216 verbis
1384 1150 1868 1233 ambigebatur,
1901 1157 2050 1217 uter
2095 1149 2394 1235 populus
2435 1149 2664 1219 foedus
2710 1148 3036 1233 rupisset,

828 1260 1107 1319 eventus
1130 1254 1311 1334 belli,
1335 1256 1523 1321 velut
1554 1274 1796 1340 aequus
1813 1255 2056 1341 judex,
2087 1255 2264 1319 unde
2283 1254 2406 1339 jus
2435 1254 2680 1331 stabat,
2723 1252 2788 1316 ei
2817 1250 3038 1316 victo-

830 1356 997 1421 riam
1058 1356 1265 1423 dedit.
1355 1356 1750 1441 Carthagini
1797 1379 1978 1425 nunc
2027 1356 2368 1423 Hannibal
2415 1356 2650 1421 vineas
2694 1364 3038 1438 turresque

828 1461 1181 1526 admovet:
1231 1460 1658 1545 Carthaginis
1712 1462 1960 1528 moenia
1989 1462 2210 1546 quatit
2261 1462 2500 1528 ariete.
2589 1460 2871 1543 Sagunti
2901 1460 3038 1525 rui-

828 1584 937 1631 nae
980 1562 1230 1649 (falsus
1266 1565 1523 1631 utinam
1571 1571 1766 1631 vates
1811 1566 1965 1645 sim)
2003 1566 2250 1631 nostris
2299 1565 2636 1649 capitibus
2690 1562 3035 1629 incident:

828 1676 1357 1752 susceptumque
1388 1688 1545 1733 cum
1574 1667 1958 1753 Saguntinis
1997 1668 2254 1733 bellum
2289 1666 2666 1733 babendum
2699 1688 2854 1733 cum
2887 1666 3038 1731 Ro·

830 1772 1049 1833 mauis
1102 1775 1231 1837 est.
1340 1770 1686 1837 Dedemus
1751 1790 1906 1855 ergo
1967 1770 2430 1837 Hannibalem
2451 1772 2483 1837 'l
2528 1771 2710 1837 dicet
2763 1770 3037 1855 aliquia.

834 1870 1020 1950 Scio,
1045 1888 1264 1939 meam
1291 1874 1509 1941 levem
1540 1894 1696 1941 esse
1724 1876 1796 1941 in
1821 1896 1905 1943 eo
1933 1876 2400 1943 anctoritatem
2425 1884 2700 1961 propter
2717 1881 3038 1959 paternas

832 1973 1247 2041 inimicitias.
1334 1977 1475 2043 Sed
1527 1985 1595 2045 et
1629 1977 2088 2044 Hamilcarem
2135 1998 2220 2043 eo
2260 1979 2524 2061 perisse
2567 1979 2832 2065 laetatus
2863 1997 3040 2057 sum,

833 2076 1037 2159 quod,
1068 2077 1128 2141 si
1160 2078 1272 2143 ille
1295 2080 1571 2159 viveret,
1601 2081 1854 2146 bellum
1869 2080 2018 2165 Jam
2049 2101 2206 2149 cum
2240 2081 2566 2146 Romanis
2593 2080 3038 2161 haberemus3

834 2186 907 2245 et
934 2178 1113 2246 hunc
1131 2180 1467 2266 juvenem,
1498 2192 1818 2269 tanquam
1849 2184 2090 2251 furiam
2121 2186 2478 2270 facemque
2496 2184 2694 2272 huJus
2715 2184 2904 2265 belli,
2923 2184 3040 2251 odi

1767 488 1840 537 ‘1'-
1887 489 2080 539 leu

1750 2366 2118 2389 ”enemo-‘0

838 2476 967 2527 Not.
987 2478 1244 2529 van—18
1276 2479 1292 2508 ‘
1315 2479 1403 2531 Sic
1422 2481 1554 2534 Mn.
1590 2482 1835 2546 plurimos
1867 2484 2196 2549 optimosque
2233 2484 2396 2533 secuti
2427 2482 2682 2534 dedimus.
2748 2482 2884 2533 Edd.
2906 2489 3040 2535 vett.

836 2542 999 2593 Gron.
1020 2550 1076 2593 et
1098 2544 1251 2593 Crev.
1274 2558 1390 2595 cum
1416 2548 1542 2597 Mn.
1564 2551 1824 2599 nonnullis
1857 2550 1955 2600 Sed
1980 2550 2184 2601 Tur-ento
2205 2550 2376 2599 lumin
2399 2549 2562 2599 Italia.
2630 2548 2895 2599 Drakenb.
2921 2564 3039 2599 eum

838 2610 1016 2674 paucis
1049 2609 1179 2662 Mes.
1208 2610 1307 2662 Sed
1330 2614 1553 2673 Tarento,
1583 2616 1636 2664 id
1656 2621 1731 2667 eat
1759 2615 1928 2668 ltalia.
1997 2618 2130 2668 Erat
2161 2618 2301 2667 enim
2335 2616 2388 2668 in
2421 2615 2638 2675 foedere.
2671 2627 2731 2666 ut
2765 2617 3040 2680 Carthagi·

1839 2761 2054 2814 NOTAE

842 2851 1165 2918 Drepanum,
1206 2855 1443 2920 ejusdem
1493 2857 1676 2910 insulae
1718 2859 1900 2910 urbem
1989 2859 2273 2912 u.C.⁵12.

838 2932 1168 2993 maritimam,
1227 2951 1441 3002 quarum
1498 2955 1615 3005 quae
1673 2939 1903 3006 Lilybeo
2043 2945 2069 2971 ¹²
2105 2939 2420 3005 Erycemque]
2451 2937 2570 2989 Hoc
2593 2939 2798 2990 nornine
2813 2953 2959 2991 mona
2983 2947 3044 2992 et

841 3009 1077 3070 proxima
1115 3008 1307 3075 AEguaa
1340 3016 1449 3066 sive
1486 3017 1738 3081 Capraria
1761 3017 1902 3067 dice·
1983 3015 2230 3080 oppidum
2253 3013 2397 3066 fuere
2421 3017 2472 3066 in
2497 3017 2706 3066 Sicilia:
2743 3018 2837 3066 hoc
2869 3016 3039 3067 tribua

838 3084 1016 3148 batur,
1029 3101 1163 3137 nunc
1180 3089 1491 3154 Foviguanu:
1509 3108 1625 3158 quae
1638 3109 1706 3143 ex
1720 3093 1784 3144 ad
1793 3108 1901 3145 ver·

838 3175 896 3208 ao
920 3159 1151 3224 Drepani
1190 3165 1512 3219 Phorbantia
1534 3185 1623 3220 seu
1648 3171 1902 3236 Bucinna,

836 3235 991 3285 hodie
1014 3237 1257 3292 Lamo.-
1288 3257 1403 3307 quae
1423 3244 1498 3294 hia
1520 3247 1903 3299 meridionalior

841 3319 899 3364 et
916 3315 1305 3380 occidentalior,
1330 3319 1497 3372 Hiera
1507 3323 1615 3373 eive
1636 3324 1816 3382 Sacra.
1839 3339 1902 3376 ac

841 3398 960 3453 post
1007 3391 1294 3457 Maritima,
1331 3407 1387 3446 et
1423 3397 1575 3448 hodie
1614 3400 1902 3452 Mar-etone.

840 3467 991 3518 Inter
1014 3469 1225 3523 Hieram
1258 3481 1313 3526 et
1350 3477 1591 3541 AEgusam
1628 3479 1900 3530 commisso

842 3546 1014 3595 navali
1035 3549 1214 3611 praelio
1240 3551 1482 3604 Lutatius
1504 3557 1686 3607 consul
1712 3557 1902 3606 Roma·

842 3635 938 3671 uua
974 3625 1191 3676 classem
1230 3627 1507 3682 Poenorum
1541 3633 1688 3696 vicit,
1720 3633 1900 3698 fugato

844 3699 1099 3752 Hannone
1140 3703 1295 3770 duce,
1332 3705 1582 3760 demersis
1620 3711 1900 3762 Poenorum

843 3777 1221 3844 quinquaginta
1242 3785 1477 3848 navibus,
1497 3787 1666 3850 captis
1693 3795 1902 3850 septua-

840 3853 1007 3917 ginta,
1026 3864 1211 3908 etcum
1236 3860 1299 3910 iia
1320 3862 1538 3927 amplius
1553 3865 1734 3915 decem
1755 3865 1903 3918 milli·

842 3929 936 3983 bna¹
958 3932 1238 4001 homiuum,
1253 3945 1311 3988 ut
1326 3940 1514 4004 Polyb.
1538 3949 1593 3994 et
1615 3943 1746 3994 Zon.
1770 3943 1906 3994 refe-

845 4017 965 4059 runt
987 4025 1004 4059 ε
1040 4025 1155 4060 nam
1182 4012 1399 4066 Orosius
1422 4033 1692 4071 numerum
1714 4022 1780 4071 ab
1804 4021 1905 4072 illis

842 4086 1107 4150 proditum
1123 4098 1284 4155 auget
1304 4109 1316 4140 ε
1335 4099 1491 4160 atque
1505 4096 1601 4146 hoc
1620 4099 1796 4162 praelio
1811 4099 1904 4149 im-

848 4163 1045 4226 positus
1072 4165 1236 4229 primo
1262 4167 1397 4220 bello
1430 4171 1629 4222 Punico
1650 4172 1767 4224 finis
1795 4173 1906 4226 fue·

849 4246 930 4290 rat
953 4257 969 4290 z
1028 4251 1343 4310 coactusque
1400 4247 1690 4316 Hamilcar,
1745 4259 1902 4304 antea

844 4317 1121 4370 Poenorum
1144 4320 1270 4384 dux,
1294 4325 1471 4376 Sicilia
1487 4327 1760 4391 excedere,
1780 4344 1897 4392 gra·

845 4409 1037 4462 vesque
1070 4399 1215 4462 pacis
1254 4400 1394 4468 leges
1446 4405 1702 4470 accipere,
1757 4420 1892 4462 auno

1983 3093 2194 3142 circiter
2214 3107 2370 3158 supra
2401 3094 2709 3158 Drepanum
2740 3094 3046 3146 milliaribus

1981 3169 2034 3220 iu
2058 3170 2254 3220 vertice
2274 3173 2481 3235 montis,
2506 3171 2594 3234 qui
2613 3171 2892 3221 altitudine
2915 3173 3048 3222 nulli

1981 3247 2032 3296 in
2060 3254 2172 3296 tota
2193 3247 2369 3298 Sicilia
2388 3255 2737 3312 praeterquam
2759 3249 2928 3298 AEtuae
2950 3263 3040 3299 ee-

1981 3322 2061 3374 dit
2094 3339 2109 3372 ε
2175 3322 2246 3372 ibi
2283 3321 2384 3372 fuit
2421 3325 2868 3387 opulentissimum
2909 3331 3048 3376 tem·

1983 3401 2122 3464 plum
2145 3401 2366 3449 Veneris
2389 3401 2650 3467 Erycina
2687 3400 2754 3451 de
2771 3418 2872 3468 quo
2903 3403 3041 3454 Nos·

1981 3485 2063 3526 ter
2084 3476 2172 3526 lib.
2205 3490 2304 3527 vu.
2337 3491 2457 3541 cap.
2486 3479 2538 3527 ⁸.
2587 3477 2745 3528 Hunc
2783 3480 2954 3530 locum
2981 3481 3042 3531 L.

1978 3553 2165 3605 Junine
2187 3553 2389 3618 consul,
2423 3555 2654 3618 quamvis
2687 3557 2876 3606 amissa
2915 3571 3046 3608 nan-

1981 3631 2146 3696 t‘ragio
2159 3633 2345 3690 classe,
2359 3634 2637 3697 occupavit
2655 3633 2846 3697 duplici
2867 3637 3050 3700 proeai·

1982 3708 2090 3774 dio,
2115 3710 2276 3761 altero
2300 3709 2365 3759 ad
2391 3709 2591 3760 radices
2615 3714 2801 3763 montis
2817 3714 3044 3764 colloca·

1985 3795 2059 3850 to,
2083 3788 2247 3839 altero
2264 3789 2456 3840 veroin
2476 3789 2703 3841 vertice:
2739 3799 2897 3857 atque
2921 3793 3043 3842 urba

1983 3865 2328 3916 munitissima
2367 3875 2425 3916 et
2468 3868 2570 3918 situ
2613 3867 3048 3934 inexpugnabilia,

1987 3944 2144 4008 paulo
2169 3952 2284 4008 poet
2307 3945 2508 3996 Lutatii
2531 3946 2821 4004 victoriam,
2859 3947 2912 3996 iu
2939 3949 3042 3998 Ro·

1982 4033 2248 4070 manorum
2294 4023 2436 4072 venit
2487 4031 2822 4087 potestatem.
2891 4025 3045 4076 Mona

1982 4095 2138 4146 hodie
2162 4097 2376 4162 dicitur,
2409 4099 2581 4150 Monte
2599 4103 2654 4150 di
2672 4100 2822 4150 Sanco
2847 4103 3040 4154 Giuliu·

1981 4189 2042 4224 uo
2055 4193 2074 4234 ‚-
2109 4175 2230 4225 urbs
2251 4191 2375 4228 vero
2402 4178 2610 4243 Tropmu'
2625 4181 2706 4230 del
2727 4181 2910 4232 Monte.

2045 4260 2072 4286 ¹
2110 4253 2339 4320 Tarento]
2387 4256 2454 4307 V.
2491 4257 2635 4322 Epit.
2673 4255 2768 4308 lib.
2807 4271 2933 4310 xlv.
2983 4267 3040 4311 et

1981 4327 2137 4381 Oros.
2158 4343 2234 4380 iv.
2255 4334 2305 4383 3.
