3300 5225
1673 327 1706 346 Β

820 425 994 494 1880
1770 441 1838 490 τ.
1872 441 2065 491 mvn

744 629 757 636 -
822 593 958 654 tres
988 585 1377 672 conscripti,
1407 605 1673 668 censeo,
1691 606 1893 672 quam
1923 587 2076 652 illos
2099 583 2442 651 dedendos
2475 581 2870 662 Hannibali,
2896 585 3012 668 qui

822 709 945 774 per
999 691 1261 758 medios
1309 691 1539 756 hostes
1589 711 1629 757 e
1675 692 1913 756 castris
1965 696 2350 776 eruperunt,
2399 708 2484 754 ac
2532 707 2654 773 per
2683 706 3014 754 summam

823 794 1127 860 virtutem
1158 815 1233 860 se
1263 794 1502 881 patrias
1533 791 1988 860 restituerunt?

906 897 1017 962 61.
1060 895 1433 982 Postquam
1465 896 1764 962 Manlius
1791 895 1989 976 dixit,
2029 915 2408 982 quanquam
2438 894 2714 961 Patrum
2743 911 3012 978 quoque

820 998 1183 1084 plerosque
1212 999 1472 1083 captivi
1500 999 1896 1083 cognatione
1918 999 2350 1082 attingebant,
2373 1006 2616 1083 praeter
2634 998 3016 1081 exemplum

820 1101 1117 1166 civitatis
1144 1101 1411 1166 minime
1440 1102 1508 1167 in
1537 1101 1856 1186 captivos
1889 1101 2034 1186 Jam
2067 1101 2223 1166 inde
2251 1101 2629 1186 antiquitus
2671 1099 3017 1184 indulgen-

820 1205 937 1284 tis,
990 1205 1301 1289 pecuniae
1358 1225 1621 1290 quoque
1681 1225 1946 1272 summa
1993 1205 2293 1270 homines
2348 1205 2603 1270 movit:
2672 1204 2836 1289 quia
2891 1222 3016 1268 nec

822 1311 1135 1378 cerarium
1158 1317 1187 1347 ¹¹
1213 1308 1589 1388 exhaurire,
1639 1328 1882 1392 magua
1913 1308 2060 1394 jam
2091 1327 2352 1373 summu
2381 1314 2654 1390 erogata
2682 1307 2756 1370 iu
2786 1325 3014 1372 servos

821 1413 911 1478 nd
942 1413 1249 1478 militiam
1278 1411 1593 1476 emendos
1615 1411 2136 1497 armandosque,
2166 1431 2292 1477 nec
2323 1409 2777 1475 Hannibalem
2805 1408 3016 1474 maxi-

820 1535 927 1580 me
972 1512 1251 1600 hujusce
1302 1507 1421 1592 rei,
1477 1522 1553 1580 ut
1598 1514 1782 1580 sama
1821 1522 1984 1592 erat,
2035 1521 2380 1598 egentem!
2411 1513 2808 1597 locupletari
2843 1513 3016 1578 vole·

820 1618 1009 1684 bant.
1097 1616 1271 1684 Cum
1318 1616 1505 1684 triste
1552 1636 1966 1703 responsum,
2009 1622 2032 1653 ‘
2061 1638 2192 1684 non
2228 1617 2465 1682 redimi
2493 1613 2848 1701 captivoS,'
2876 1614 3010 1681 red-

798 1718 1027 1784 ditum
1055 1731 1254 1796 esset,
1276 1739 1628 1804 novusque
1655 1739 1856 1807 super
1884 1726 2176 1786 veterem
2206 1721 2430 1786 luctus
2476 1726 2576 1785 tot
2608 1719 2881 1804 jactura
2926 1719 3011 1784 ci-

820 1822 1001 1887 vium
1058 1821 1367 1906 adjectus
1426 1827 1628 1902 esset,
1680 1843 1832 1888 cum
1893 1825 2153 1906 magnis
2201 1823 2467 1888 fletibus
2533 1823 3010 1908 questibusque

819 1924 1085 2007 legatos
1136 1924 1223 1992 ad
1279 1932 1533 2011 portam
1584 1926 1932 2011 prosecuti
1983 1932 2159 1992 sunt.
2245 1925 2443 1992 Unus
2472 1946 2564 1993 ex
2608 1927 2694 1992 iis
2739 1926 3010 1992 domum

815 2028 997 2106 abiit,
1024 2029 1211 2114 quod
1242 2029 1467 2096 fallaci
1496 2029 1718 2097 reditu
1749 2031 1818 2096 in
1851 2036 2117 2096 castra*
2149 2030 2297 2115 jure
2328 2029 2618 2116 jurando
2665 2049 2740 2094 se
2786 2030 3008 2095 exsol-

819 2132 1056 2199 visset.
1145 2130 1346 2212 Quod
1408 2133 1525 2198 ubi
1572 2134 1876 2213 innotuit,
1925 2134 2347 2218 relatumque
2403 2135 2491 2198 ad
2536 2141 2840 2200 senatum
2886 2141 3008 2212 est,

820 2253 1051 2300 omnes
1080 2246 1502 2316 censuerunt,
1543 2236 2233 2322 comprehendendum
2280 2245 2347 2303 et
2397 2236 2796 2303 custodibus
2842 2238 3012 2322 pub-

819 2337 952 2404 lice
984 2339 1164 2405 datis
1194 2339 1659 2406 deducendum
1709 2341 1796 2407 ad
1851 2341 2310 2408 Hannibalem
2356 2360 2531 2407 esse.
2623 2340 2744 2406 Est
2769 2345 2839 2406 et
2883 2340 3014 2404 alia

819 2443 903 2509 de
924 2444 1218 2528 captivis
1246 2442 1483 2524 samm!
1508 2444 1743 2510 decem
1770 2447 2026 2530 primos
2055 2447 2370 2514 venisse-¹
2436 2445 2546 2510 De
2576 2446 2677 2511 eis
2708 2465 2862 2511 cum
2895 2442 3012 2509 du-

819 2545 1105 2614 bitatum
1152 2548 1222 2614 in
1264 2555 1497 2615 senatu
1548 2557 1757 2631 esset,
1803 2549 2298 2617 admitterentur
2330 2548 2400 2617 in
2449 2549 3012 2630 Urbem,·necne;

816 2650 915 2715 ita
946 2650 1285 2717 admissos
1314 2671 1484 2732 esse,
1516 2673 1603 2718 ne
1635 2662 1858 2719 tamen
1887 2653 1972 2719 iis
2001 2659 2278 2719 senatus
2316 2653 2603 2719 daretur.
2688 2651 3017 2717 Moranti-

818 2753 949 2818 bus
980 2753 1216 2819 deinde
1242 2754 1509 2839 lougius
1530 2768 1557 2795 ⁰
1590 2756 1885 2822 omnium
1914 2776 2062 2841 spe,
2093 2757 2264 2822 alios
2290 2763 2424 2822 tres
2450 2756 2722 2841 insuper
2748 2755 3012 2838 legatos

818 2857 1097 2935 venisse,
1145 2857 1226 2923 L.
1256 2856 1703 2938 Scribonium,
1736 2867 1807 2926 et
1837 2858 1915 2924 C.
1947 2857 2410 2943 Calpurnium,
2441 2862 2509 2923 et
2539 2857 2620 2923 L.
2652 2855 3011 2924 Manlium.

816 2958 991 3024 Tum
1020 2953 1288 3025 demum
1318 2961 1405 3028 ab
1438 2966 1719 3045 cognato
1753 2960 2086 3027 Scribonii
2118 2962 2381 3027 tribuno
2405 2968 2455 3011 ¹5
2485 2961 2706 3047 plebis
2736 2958 2824 3025 de
2847 2960 3014 3025 redi·-

818 3062 1080 3127 meudis
1128 3065 1419 3149 captivis
1464 3065 1753 3131 relatum
1805 3082 1979 3143 esse,
2021 3082 2152 3129 nec
2196 3065 2543 3131 censuisse
2589 3060 3012 3129 redimendos

879 3222 907 3256 v
939 3212 1257 3266 Laborantem
1276 3216 1484 3279 munia
1505 3217 1686 3280 inopia.

881 3284 907 3312 ⁸
950 3279 1139 3329 Venisse
1158 3282 1359 3331 Rom
1375 3283 1581 3346 prinum
1601 3284 1762 3332 decem
1783 3283 1966 3347 legatos
1985 3299 2016 3335 a
2035 3282 2251 3349 captivis.

880 3350 907 3375 ⁸
938 3344 1048 3395 luis
1067 3346 1412 3397 diuturniorem
1432 3362 1613 3397 mmm
1632 3348 1947 3399 tranantibus.

1806 3480 2024 3534 NOTAE

881 3583 907 3610 ⁸
942 3574 1174 3633 Qm’nnee
1195 3576 1439 3644 erar-im]
1492 3577 1682 3642 Polyb.
1703 3586 1875 3629 extre-
1953 3578 2152 3629 reditus
2191 3577 2455 3629 Romanos
2490 3576 2558 3629 ad
2593 3576 2922 3641 pugnandum
2957 3592 3016 3628 se

815 3666 902 3702 mo
934 3652 1022 3705 lib.
1052 3666 1129 3705 vr.
1166 3668 1267 3705 non
1300 3662 1501 3705 tanturn
1534 3654 1587 3705 id
1624 3657 1874 3707 Senatum
1954 3655 2248 3708 habiturum
2272 3658 2442 3707 minua
2467 3656 2758 3707 obstinatos
2779 3654 3017 3719 ‚confide-

817 3737 1083 3794 apectasse
1127 3730 1308 3789 refert,
1343 3740 1403 3782 ut
1432 3732 1615 3783 erario
1635 3735 1874 3785 consule·
1957 3732 2063 3783 bat.

817 3814 920 3865 ret.
963 3809 1054 3860 sed
1096 3812 1385 3875 preter-tim
1420 3818 1499 3877 ut,
1542 3827 1633 3877 spe
1675 3812 1872 3864 reditus
2017 3815 2045 3844 ⁸
2079 3810 2268 3861 Pellaei
2303 3808 2463 3861 reditu
2501 3810 2555 3859 in
2593 3808 2774 3875 ecura]
2809 3809 2875 3861 Id
2899 3810 3013 3875 jam

816 3887 1035 3951 captivis
1058 3889 1164 3938 suin
1194 3888 1444 3952 abscissa,
1467 3890 1660 3941 milites
1687 3890 1872 3941 Roma·
1955 3887 2326 3938 observaverat
2348 3902 2394 3938 c.
2418 3892 2503 3940 ⁶8.

815 3978 911 4015 non
936 3966 987 4013 in
1026 3971 1291 4030 posterum
1326 3967 1544 4019 invictos
1581 3974 1874 4032 prestaret.
2019 3972 2042 4009 5
2075 3966 2167 4015 Est
2190 3970 2238 4016 et
2256 3966 2357 4017 ulia
2369 3968 2429 4016 de
2446 3964 2824 4030 captivissoemu]
2859 3964 3014 4015 Hanc

816 4048 1002 4104 utpote
1046 4042 1131 4105 qui
1182 4057 1382 4093 omnem
1416 4043 1595 4093 saluti·
1630 4057 1775 4108 spem
1820 4045 1872 4094 in
1953 4049 2165 4094 secutus
2201 4044 2454 4095 Cicerone
2497 4051 2634 4093 teste
2670 4042 2890 4107 Acilius,
2925 4042 3016 4109 qui

812 4117 923 4166 sola
944 4118 1160 4169 victoria
1194 4121 1412 4184 positam
1450 4120 1708 4172 viderent.
1779 4121 1872 4173 At·
1954 4120 2144 4171 Groece
2179 4120 2450 4171 historiam
2491 4119 2739 4185 scripsit3
2775 4120 2862 4169 ubi
2903 4120 3017 4183 pln-

814 4208 915 4259 que
936 4194 1011 4245 ita
1032 4197 1227 4246 eiusum
1252 4198 1560 4249 Hannibalis
1587 4200 1873 4259 consilium,
1955 4213 2038 4250 res
2057 4198 2218 4249 fuisse
2239 4198 2331 4256 ait,
2356 4200 2442 4263 qui
2483 4198 2534 4248 iu
2571 4204 2743 4249 eastra
2772 4198 3016 4249 revertis·

814 4270 903 4335 qui
934 4277 988 4322 et
1021 4272 1284 4335 ingentem
1318 4274 1585 4337 pecuniam
1611 4290 1678 4325 ex
1706 4278 1873 4341 capti·
1951 4284 2070 4327 sent
2111 4276 2294 4327 eadem
2333 4275 2537 4343 fraude,
2582 4284 2640 4328 ut
2673 4274 3016 4344 jureJurando

817 4362 995 4399 vorum
1032 4348 1169 4414 lytro
1208 4364 1556 4417 cori-usurum,
1588 4359 1641 4403 et
1681 4350 1872 4404 fiducia
1952 4354 2311 4407 liberarentur.
