3300 5225
839 502 1053 552 mum
1099 502 1274 553 xlx.
1319 502 1969 555 surrnsussruu.
2334 490 2515 561 1⁵85
2560 468 2565 473 ²

239 635 250 644 ⁸
289 646 664 709 multitudine
713 647 1018 709 materiem
1080 648 1520 731 apportantium
1581 648 1959 713 nihilominus
2010 670 2189 732 agger

287 754 594 816 cresceret,
641 744 928 825 fomaeque
965 744 1500 826 complanarentur,
1539 747 1751 807 relicto
1790 748 1903 807 isto
1940 749 2187 811 consilio

287 862 516 903 murum
541 841 722 902 alium
751 842 1078 902 interiorem
1108 850 1523 905 exstruxerunt
1543 862 1559 901 ε
1579 842 1869 903 indefesso
1894 844 1972 905 ad
1989 847 2189 907 omnia

239 996 244 999 .
297 937 660 1009 Himilcone,
687 937 812 1019 qui,
836 948 1045 1018 praeter
1067 938 1354 998 urbanam
1391 938 1847 1013 multitudinem,
1888 961 2185 1004 mercena·
2240 955 2421 1024 Polyb.
2468 974 2511 1009 1.

286 1035 506 1095 riorum
529 1034 736 1095 decem
761 1034 1024 1095 millibus
1061 1034 1396 1107 instructus,
1425 1035 1549 1096 vim
1587 1055 1822 1097 omnem
1862 1037 2185 1121 dolumque
2207 1025 2292 1075 ⁴²·

285 1130 540 1192 hostium
563 1132 908 1211 sagacitate,
932 1130 1263 1210 vigilantia,
1287 1124 1737 1213 constantiaque
1760 1134 2061 1199 eludebat.

364 1236 428 1290 4.
471 1228 592 1289 Ille
633 1228 782 1288 nihil
821 1247 1014 1308 neque
1053 1228 1354 1289 remissum
1392 1228 1553 1310 apud
1591 1249 1751 1302 suos,
1774 1250 1965 1311 neque
1990 1241 2185 1294 tutum

285 1325 446 1407 apud
489 1325 684 1386 hostes
721 1324 1091 1406 patiebatur:
1132 1325 1410 1407 operibus
1446 1346 1650 1407 opera,
1693 1327 1981 1389 cuniculis
2018 1330 2185 1391 cuni·

285 1421 474 1494 culos,
501 1423 677 1481 armis
699 1441 862 1481 arma
885 1421 1242 1503 opponebat.
1327 1421 1496 1483 Inter
1527 1422 1657 1484 haec
1682 1442 1838 1505 saepe
1864 1426 2188 1507 eruptioni-

288 1519 396 1578 bus
420 1527 770 1600 pugnatum,
797 1518 950 1579 adeo
969 1538 1386 1599 nonnunquam
1409 1517 1703 1593 ferociter,
1749 1530 1819 1580 ut
1847 1521 2009 1581 haud
2037 1542 2183 1603 pau-

286 1615 494 1687 ciores,
521 1635 702 1697 quam
729 1618 897 1694 justa
919 1634 1120 1696 pugna
1143 1614 1358 1675 cadere
1381 1614 1594 1690 solent,
1629 1616 2027 1679 tumultuariis
2058 1619 2189 1679 istis

285 1714 724 1783 certaminibus,
764 1711 1248 1773 desiderarentur.
1332 1712 1501 1774 Inter
1543 1733 1701 1795 quae,
1731 1713 2023 1776 Romanis
2056 1736 2185 1775 mu·
2210 1728 2380 1779 Ζοιιυ.

285 1828 380 1869 ros
399 1809 870 1881 suffodientibus,
899 1829 1018 1889 quo
1059 1809 1314 1869 subrutis
1351 1809 1747 1873 fundamentis
1784 1811 2183 1884 conciderent,

284 1902 562 1967 Himilco
603 1926 680 1967 ex
722 1906 962 1967 adverso
1002 1903 1306 1967 cuniculos
1348 1907 1445 1985 agi
1480 1907 1681 1986 jussit,
1724 1908 1827 1968 ubi
1875 1906 2187 1969 Romanos

283 2010 497 2063 terram
546 2022 780 2083 egerere
845 2002 1354 2065 animadverterat.
1459 2002 1584 2064 His
1631 2002 1849 2064 deinde
1918 2005 2185 2085 protinus

285 2101 501 2180 apertis
523 2108 778 2159 armatos
795 2100 1054 2171 immisit,
1073 2099 1200 2179 qui,
1225 2099 1416 2161 nudos
1438 2109 1502 2161 et
1523 2101 1687 2181 operi
1713 2100 1967 2161 intentos
1988 2102 2183 2163 subito

285 2197 562 2275 aggressi,
612 2196 832 2257 multos
882 2196 1328 2265 interemerunn
1409 2215 1600 2276 neque
1643 2196 1971 2277 pauciores,
2036 2196 2183 2258 dum

285 2310 460 2373 opem
485 2292 606 2353 suis
629 2292 804 2353 latin-i
829 2292 908 2353 ad
933 2312 1130 2353 muros
1166 2300 1498 2364 accurrunt,
1525 2293 1832 2354 sarmentis
1870 2293 1931 2353 in
1954 2293 2171 2355 fossam

286 2390 592 2468 conjectis,
616 2389 872 2451 deinde
856 2389 1126 2464 incensis,
1149 2399 1616 2451 concremarunt.

363 2492 426 2549 ὁ.
469 2484 782 2547 Gliscebat
803 2496 998 2547 tamen
1027 2486 1088 2547 in
1123 2486 1334 2547 animis
1369 2486 1735 2547 obsessorum
1776 2506 1961 2567 pavor
2000 2496 2180 2568 atque
2237 2493 2311 2543 Po
2312 2493 2474 2561 Ι]Β.ι.

285 2584 708 2654 consternatio.
751 2603 872 2664 qua
915 2582 1084 2644 abusi
1132 2582 1316 2644 duces
1362 2581 1605 2663 quidam
1671 2584 2179 2656 mercenariorum,
2204 2564 2301 2674 {213
2268 2641 2368 2675 nar

281 2679 580 2760 stipendia
599 2681 712 2740 sibi
727 2700 842 2741 non
867 2699 946 2740 ex
973 2677 1096 2740 fide
1119 2678 1315 2740 soluta
1339 2687 1749 2760 praetexentes,
1776 2679 1855 2740 de
1880 2681 2183 2761 prodenda
2200 2690 2378 2758 Polyb.

285 2773 578 2842 Romanis
593 2778 739 2838 urbe
758 2776 1007 2838 consilia
1027 2776 1346 2837 iniverunt·
1329 2820 1346 2845 ,
1391 2776 1628 2835 minime
1656 2775 2019 2849 dubitantes,
2042 2778 2185 2858 quin

285 2893 418 2936 suos
466 2875 714 2955 quisque
751 2873 972 2934 milites
1011 2871 1184 2934 facile
1219 2871 1521 2932 illectums
1563 2881 1719 2932 esset
1758 2872 1836 2933 ad
1880 2874 2187 2954 probanda

287 2989 422 3050 quae
445 2981 788 3052 agerentur:
831 2971 1032 3051 itaque
1059 2977 1234 3030 nocte
1259 2967 1521 3050 quadam
1547 2966 1707 3029 clam
1737 2989 1815 3029 ex
1844 2969 2067 3051 oppido
2106 2970 2185 3030 ad

284 3077 480 3129 castra.
503 3068 912 3130 Romanorum
935 3065 1146 3149 elapd,
1169 3074 1386 3127 statum
1421 3064 1581 3126 urbis
1619 3066 1892 3137 obsessoe,
1938 3075 2001 3126 et
2039 3065 2184 3146 quid

284 3165 394 3246 ipsi
433 3175 730 3246 pararent,
770 3172 1183 3246 exposuerunt.
1263 3161 1512 3242 Agebat
1535 3171 1663 3222 tum
1692 3163 1843 3224 inter
1884 3183 2183 3224 mercena-

283 3263 400 3322 rios
423 3264 528 3342 qui
555 3261 806 3343 Lilybaei
847 3270 1018 3322 erant
1056 3259 1304 3321 Alexon
1343 3257 1615 3340 quidam,
1647 3257 1915 3320 Achaeus
1949 3279 2181 3338 genere,

282 3359 372 3420 vir
383 3379 580 3440 neque
593 3359 932 3420 militarium
947 3358 1156 3418 artium
1171 3355 1354 3428 rudis,
1371 3365 1436 3416 et
1450 3355 1703 3416 eximius
1718 3354 1839 3416 fide
1854 3376 1869 3418 z
1899 3356 1970 3428 is,
1994 3356 2182 3416 anim·

285 3454 532 3519 adverso
565 3456 926 3538 proditorum
961 3454 1232 3526 consilio,
1272 3471 1396 3514 rem
1437 3451 1515 3512 ad
1550 3449 1963 3512 Himilconem
1993 3451 2183 3513 conti·-

283 3572 402 3616 nuo
422 3553 636 3614 defert.
719 3551 1015 3624 Himilco,
1042 3561 1111 3612 ut
1133 3552 1194 3612 in
1219 3569 1432 3629 magno
1467 3558 1532 3609 et
1569 3548 1809 3609 instanti
1846 3557 2007 3610 metu
2032 3547 2181 3609 nihil

281 3660 616 3722 cunctatus,
641 3650 822 3711 duces
843 3649 1352 3718 mercenariorum,
1378 3654 1526 3727 quot
1551 3665 1755 3706 eorum
1792 3644 1987 3706 adhuc
2013 3643 2181 3726 Lily-

280 3747 396 3808 boei
419 3757 614 3821 erant,
631 3753 958 3808 convocat:
999 3745 1144 3826 quid
1173 3763 1214 3804 a
1235 3743 1449 3825 quibus
1471 3749 1729 3802 tentetur
1758 3741 2024 3823 exponit,
2052 3761 2183 3802 eos-

280 3865 398 3927 que
423 3846 682 3925 graviter
705 3845 974 3906 incusat:
1015 3843 1280 3908 hortatur
1313 3848 1648 3921 prasentes,
1678 3847 1696 3874 ⁶
1726 3859 1799 3898 ne
1836 3838 2185 3898 temeritatis

279 3955 342 4006 et
356 3945 626 4028 perfidia
653 3943 862 4005 alienae
887 3941 1204 4025 participes
1243 3961 1368 4001 esse
1390 3937 1618 4001 velint:
1662 3939 1723 3999 in
1761 3936 1881 3999 fide
1914 3957 2182 4020 perseve-

278 4045 546 4105 rantibus
585 4043 812 4120 integra
835 4040 996 4123 apud
1039 4039 1555 4120 Carthaginienses
1577 4038 1798 4110 omnia,
1826 4037 2181 4119 stipendium

278 4149 525 4213 certum,
545 4139 788 4221 proemia
811 4157 1028 4218 magna
1049 4137 1212 4198 fore:
1254 4135 1599 4217 proditionis
1621 4134 1829 4196 infami
1852 4135 2093 4194 crimine
2118 4155 2182 4194 se

277 4235 798 4306 commaculantes,
851 4243 914 4294 et
966 4233 1105 4302 Diis
1145 4242 1208 4293 et
1256 4232 1592 4293 hominibus
1635 4230 1899 4300 adversis
1946 4238 2183 4292 acturos

280 4335 450 4396 ene?
531 4332 727 4398 Simul
747 4331 1013 4414 pecuniae
1042 4339 1326 4412 quanmm
1349 4349 1558 4410 cogere
1597 4327 1771 4390 istam
1810 4328 1958 4392 inter
2000 4326 2179 4410 trepi-
2204 4343 2375 4394 Zonar.
