<?xml version="1.0" encoding="UTF-8"?>
<!DOCTYPE html PUBLIC "-//W3C//DTD XHTML 1.0 Transitional//EN"
    "http://www.w3.org/TR/xhtml1/DTD/xhtml1-transitional.dtd">
<html xmlns="http://www.w3.org/1999/xhtml" xml:lang="en" lang="en">
 <head>
  <title>
</title>
<meta http-equiv="Content-Type" content="text/html;charset=utf-8" />
  <meta name='ocr-system' content='tesseract 3.04.00' />
  <meta name='ocr-capabilities' content='ocr_page ocr_carea ocr_par ocr_line ocrx_word'/>
</head>
<body>
  <div class='ocr_page' id='page_1' title='image "./tliviipatavinih19unkngoog_0029.png"; bbox 0 0 3300 5225; ppageno 0'>
   <div class='ocr_carea' id='block_1_1' title="bbox 755 430 2039 504">
    <p class='ocr_par' dir='ltr' id='par_1_1' title="bbox 755 430 2039 504">
     <span class='ocr_line' id='line_1_1' title="bbox 755 430 2039 504; baseline -0.002 -8"><span class='ocrx_word' id='word_1_1' title='bbox 755 430 929 504; x_wconf 79' lang='lat'><strong>1602</strong></span> <span class='ocrx_word' id='word_1_2' title='bbox 1720 445 1791 494; x_wconf 84' lang='grc' dir='ltr'><strong>ϊ.</strong></span> <span class='ocrx_word' id='word_1_3' title='bbox 1838 445 1993 494; x_wconf 70' lang='lat' dir='ltr'><strong>mvi</strong></span> <span class='ocrx_word' id='word_1_4' title='bbox 2010 445 2039 493; x_wconf 65' lang='grc' dir='ltr'>ι</span> 
     </span>
    </p>
   </div>
   <div class='ocr_carea' id='block_1_2' title="bbox 753 586 2987 2901">
    <p class='ocr_par' dir='ltr' id='par_1_2' title="bbox 753 586 2987 959">
     <span class='ocr_line' id='line_1_2' title="bbox 753 586 2987 669; baseline 0.005 -33"><span class='ocrx_word' id='word_1_5' title='bbox 753 588 925 668; x_wconf 58' lang='grc' dir='ltr'><strong>Ζουαζ.</strong></span> <span class='ocrx_word' id='word_1_6' title='bbox 1079 589 1245 648; x_wconf 72' lang='lat' dir='ltr'><strong>bras‘</strong></span> <span class='ocrx_word' id='word_1_7' title='bbox 1267 589 1326 648; x_wconf 92' lang='lat' dir='ltr'><strong>in</strong></span> <span class='ocrx_word' id='word_1_8' title='bbox 1347 589 1547 669; x_wconf 85' lang='lat' dir='ltr'><strong>capita</strong></span> <span class='ocrx_word' id='word_1_9' title='bbox 1571 587 1759 652; x_wconf 90' lang='lat' dir='ltr'><strong>daret.</strong></span> <span class='ocrx_word' id='word_1_10' title='bbox 1805 587 2021 650; x_wconf 86' lang='lat' dir='ltr'><strong>Plures</strong></span> <span class='ocrx_word' id='word_1_11' title='bbox 2044 604 2181 648; x_wconf 90' lang='lat' dir='ltr'><strong>cum</strong></span> <span class='ocrx_word' id='word_1_12' title='bbox 2208 586 2561 668; x_wconf 86' lang='lat' dir='ltr'><strong>recepissent</strong></span> <span class='ocrx_word' id='word_1_13' title='bbox 2584 587 2761 648; x_wconf 76' lang='lat' dir='ltr'><strong>Poeui</strong></span> <span class='ocrx_word' id='word_1_14' title='bbox 2790 605 2987 668; x_wconf 46' lang='lat' dir='ltr'><strong>quam,</strong></span> 
     </span>
     <span class='ocr_line' id='line_1_3' title="bbox 753 654 2974 767; baseline 0 -21"><span class='ocrx_word' id='word_1_15' title='bbox 753 654 1052 764; x_wconf 54' lang='lat' dir='ltr'><strong>ve¹¹f”¹&#39;¹s¹‘</strong></span> <span class='ocrx_word' id='word_1_16' title='bbox 1077 684 1486 756; x_wconf 79' lang='lat' dir='ltr'><strong>reddidissent,</strong></span> <span class='ocrx_word' id='word_1_17' title='bbox 1513 687 1825 767; x_wconf 87' lang='lat' dir='ltr'><strong>pecuniam</strong></span> <span class='ocrx_word' id='word_1_18' title='bbox 1844 704 1923 746; x_wconf 84' lang='lat' dir='ltr'><strong>ex</strong></span> <span class='ocrx_word' id='word_1_19' title='bbox 1948 693 2125 766; x_wconf 84' lang='lat' dir='ltr'><strong>pacto</strong></span> <span class='ocrx_word' id='word_1_20' title='bbox 2153 685 2573 765; x_wconf 87' lang='lat' dir='ltr'><strong>pependerunt.</strong></span> <span class='ocrx_word' id='word_1_21' title='bbox 2660 685 2831 745; x_wconf 88' lang='lat' dir='ltr'><strong>Duas</strong></span> <span class='ocrx_word' id='word_1_22' title='bbox 2855 687 2974 746; x_wconf 78' lang='lat' dir='ltr'><strong>hoo</strong></span> 
     </span>
     <span class='ocr_line' id='line_1_4' title="bbox 753 751 2979 851; baseline -0.001 -8"><span class='ocrx_word' id='word_1_23' title='bbox 753 751 1056 817; x_wconf 67' lang='lat' dir='ltr'><strong>Fanucqut.</strong></span> <span class='ocrx_word' id='word_1_24' title='bbox 1077 803 1233 844; x_wconf 87' lang='lat' dir='ltr'><strong>anno</strong></span> <span class='ocrx_word' id='word_1_25' title='bbox 1259 783 1520 842; x_wconf 84' lang='lat' dir='ltr'><strong>colonias</strong></span> <span class='ocrx_word' id='word_1_26' title='bbox 1545 783 1604 842; x_wconf 89' lang='lat' dir='ltr'><strong>in</strong></span> <span class='ocrx_word' id='word_1_27' title='bbox 1635 781 1820 842; x_wconf 88' lang='lat' dir='ltr'><strong>Italia</strong></span> <span class='ocrx_word' id='word_1_28' title='bbox 1844 781 2130 843; x_wconf 85' lang='lat' dir='ltr'><strong>deductas</strong></span> <span class='ocrx_word' id='word_1_29' title='bbox 2174 781 2429 851; x_wconf 87' lang='lat' dir='ltr'><strong>invenio,</strong></span> <span class='ocrx_word' id='word_1_30' title='bbox 2464 781 2735 841; x_wconf 86' lang='lat' dir='ltr'><strong>AEsulum</strong></span> <span class='ocrx_word' id='word_1_31' title='bbox 2760 791 2824 841; x_wconf 89' lang='lat' dir='ltr'><strong>et</strong></span> <span class='ocrx_word' id='word_1_32' title='bbox 2849 781 2979 841; x_wconf 76' lang='lat' dir='ltr'><strong>Al-</strong></span> 
     </span>
     <span class='ocr_line' id='line_1_5' title="bbox 1075 875 2973 959; baseline 0 -21"><span class='ocrx_word' id='word_1_33' title='bbox 1075 880 1242 940; x_wconf 78' lang='lat' dir='ltr'><strong>sium.</strong></span> <span class='ocrx_word' id='word_1_34' title='bbox 1329 875 1602 941; x_wconf 83' lang='lat' dir='ltr'><strong>Lustrum</strong></span> <span class='ocrx_word' id='word_1_35' title='bbox 1643 880 1785 940; x_wconf 90' lang='lat' dir='ltr'><strong>item</strong></span> <span class='ocrx_word' id='word_1_36' title='bbox 1826 878 2040 939; x_wconf 84' lang='lat' dir='ltr'><strong>Romae</strong></span> <span class='ocrx_word' id='word_1_37' title='bbox 2066 878 2370 940; x_wconf 86' lang='lat' dir='ltr'><strong>conditum</strong></span> <span class='ocrx_word' id='word_1_38' title='bbox 2393 877 2973 959; x_wconf 79' lang='lat' dir='ltr'><strong>duodequadragesi-</strong></span> 
     </span>
    </p>

    <p class='ocr_par' dir='ltr' id='par_1_3' title="bbox 755 973 2983 1163">
     <span class='ocr_line' id='line_1_6' title="bbox 829 973 2973 1061; baseline -0 -26"><span class='ocrx_word' id='word_1_39' title='bbox 829 1047 841 1060; x_wconf 51' lang='lat'><strong>·</strong></span> <span class='ocrx_word' id='word_1_40' title='bbox 999 1047 1012 1061; x_wconf 36' lang='grc' dir='ltr'><strong><em>ο</em></strong></span> <span class='ocrx_word' id='word_1_41' title='bbox 1077 996 1260 1047; x_wconf 89' lang='lat' dir='ltr'><strong>mum,</strong></span> <span class='ocrx_word' id='word_1_42' title='bbox 1287 977 1365 1036; x_wconf 90' lang='lat' dir='ltr'><strong>ab</strong></span> <span class='ocrx_word' id='word_1_43' title='bbox 1399 975 1697 1036; x_wconf 88' lang='lat' dir='ltr'><strong>A.Atilio</strong></span> <span class='ocrx_word' id='word_1_44' title='bbox 1722 975 1809 1038; x_wconf 90' lang='lat' dir='ltr'><strong>A.</strong></span> <span class='ocrx_word' id='word_1_45' title='bbox 1840 976 1911 1038; x_wconf 87' lang='lat' dir='ltr'><strong>F.</strong></span> <span class='ocrx_word' id='word_1_46' title='bbox 1942 975 2019 1038; x_wconf 87' lang='lat' dir='ltr'><strong>C.</strong></span> <span class='ocrx_word' id='word_1_47' title='bbox 2052 974 2143 1038; x_wconf 89' lang='lat' dir='ltr'><strong>N.</strong></span> <span class='ocrx_word' id='word_1_48' title='bbox 2188 974 2489 1048; x_wconf 83' lang='lat' dir='ltr'><strong>Calatino,</strong></span> <span class='ocrx_word' id='word_1_49' title='bbox 2518 973 2605 1036; x_wconf 91' lang='lat' dir='ltr'><strong>A.</strong></span> <span class='ocrx_word' id='word_1_50' title='bbox 2634 975 2869 1034; x_wconf 88' lang='lat' dir='ltr'><strong>Manlio</strong></span> <span class='ocrx_word' id='word_1_51' title='bbox 2893 975 2973 1034; x_wconf 93' lang='lat' dir='ltr'><strong>T.</strong></span> 
     </span>
     <span class='ocr_line' id='line_1_7' title="bbox 755 1047 2983 1163; baseline -0.001 -31"><span class='ocrx_word' id='word_1_52' title='bbox 755 1049 894 1163; x_wconf 49' lang='lat' dir='ltr'><strong>xis·</strong></span> <span class='ocrx_word' id='word_1_53' title='bbox 921 1047 1052 1112; x_wconf 52' lang='grc' dir='ltr'><strong>ΕΜ·</strong></span> <span class='ocrx_word' id='word_1_54' title='bbox 1081 1074 1152 1134; x_wconf 88' lang='lat' dir='ltr'><strong>F.</strong></span> <span class='ocrx_word' id='word_1_55' title='bbox 1178 1072 1252 1134; x_wconf 93' lang='lat' dir='ltr'><strong>T.</strong></span> <span class='ocrx_word' id='word_1_56' title='bbox 1281 1073 1372 1134; x_wconf 90' lang='lat' dir='ltr'><strong>N.</strong></span> <span class='ocrx_word' id='word_1_57' title='bbox 1413 1072 1717 1154; x_wconf 78' lang='lat' dir='ltr'><strong>Torquato</strong></span> <span class='ocrx_word' id='word_1_58' title='bbox 1759 1073 2023 1144; x_wconf 72' lang='lat' dir='ltr'><strong>Attico,2</strong></span> <span class='ocrx_word' id='word_1_59' title='bbox 2064 1073 2421 1134; x_wconf 83' lang='lat' dir='ltr'><strong>censoribus.</strong></span> <span class='ocrx_word' id='word_1_60' title='bbox 2504 1070 2703 1132; x_wconf 85' lang='lat' dir='ltr'><strong>Censa</strong></span> <span class='ocrx_word' id='word_1_61' title='bbox 2724 1081 2861 1131; x_wconf 88' lang='lat' dir='ltr'><strong>sunt</strong></span> <span class='ocrx_word' id='word_1_62' title='bbox 2882 1071 2983 1146; x_wconf 40' lang='lat' dir='ltr'><strong>ci&lt;</strong></span> 
     </span>
    </p>

    <p class='ocr_par' dir='ltr' id='par_1_4' title="bbox 857 1145 2977 1546">
     <span class='ocr_line' id='line_1_8' title="bbox 857 1145 2975 1253; baseline -0.002 -19"><span class='ocrx_word' id='word_1_63' title='bbox 857 1145 872 1162; x_wconf 39' lang='grc' dir='ltr'><strong><em>ο</em></strong></span> <span class='ocrx_word' id='word_1_64' title='bbox 1075 1173 1239 1233; x_wconf 83' lang='lat' dir='ltr'><strong>vium</strong></span> <span class='ocrx_word' id='word_1_65' title='bbox 1263 1173 1463 1253; x_wconf 86' lang='lat' dir='ltr'><strong>capita</strong></span> <span class='ocrx_word' id='word_1_66' title='bbox 1487 1171 1750 1233; x_wconf 85' lang='lat' dir='ltr'><strong>ducenta</strong></span> <span class='ocrx_word' id='word_1_67' title='bbox 1789 1171 2219 1253; x_wconf 74' lang='lat' dir='ltr'><strong>quinquaginta</strong></span> <span class='ocrx_word' id='word_1_68' title='bbox 2257 1190 2437 1230; x_wconf 88' lang='lat' dir='ltr'><strong>unum</strong></span> <span class='ocrx_word' id='word_1_69' title='bbox 2475 1169 2686 1240; x_wconf 89' lang='lat' dir='ltr'><strong>millia,</strong></span> <span class='ocrx_word' id='word_1_70' title='bbox 2712 1169 2975 1230; x_wconf 77' lang='lat' dir='ltr'><strong>ducenta</strong></span> 
     </span>
     <span class='ocr_line' id='line_1_9' title="bbox 1074 1266 2977 1350; baseline -0.002 -21"><span class='ocrx_word' id='word_1_71' title='bbox 1074 1269 1285 1348; x_wconf 84' lang='lat' dir='ltr'><strong>viginti</strong></span> <span class='ocrx_word' id='word_1_72' title='bbox 1325 1268 1478 1330; x_wconf 83' lang='lat' dir='ltr'><strong>duo:</strong></span> <span class='ocrx_word' id='word_1_73' title='bbox 1535 1288 1675 1329; x_wconf 91' lang='lat' dir='ltr'><strong>cum</strong></span> <span class='ocrx_word' id='word_1_74' title='bbox 1718 1269 2009 1350; x_wconf 80' lang='lat' dir='ltr'><strong>superiore</strong></span> <span class='ocrx_word' id='word_1_75' title='bbox 2050 1268 2229 1328; x_wconf 88' lang='lat' dir='ltr'><strong>lustro</strong></span> <span class='ocrx_word' id='word_1_76' title='bbox 2274 1266 2453 1347; x_wconf 89' lang='lat' dir='ltr'><strong>paulo</strong></span> <span class='ocrx_word' id='word_1_77' title='bbox 2478 1267 2673 1328; x_wconf 81' lang='lat' dir='ltr'><strong>minus</strong></span> <span class='ocrx_word' id='word_1_78' title='bbox 2710 1275 2977 1326; x_wconf 83' lang='lat' dir='ltr'><strong>trecenta</strong></span> 
     </span>
     <span class='ocr_line' id='line_1_10' title="bbox 1077 1363 2977 1426; baseline -0.001 -2"><span class='ocrx_word' id='word_1_79' title='bbox 1077 1364 1266 1425; x_wconf 89' lang='lat' dir='ltr'><strong>millia</strong></span> <span class='ocrx_word' id='word_1_80' title='bbox 1308 1385 1486 1426; x_wconf 87' lang='lat' dir='ltr'><strong>censa</strong></span> <span class='ocrx_word' id='word_1_81' title='bbox 1533 1365 1815 1426; x_wconf 84' lang='lat' dir='ltr'><strong>fuissent:</strong></span> <span class='ocrx_word' id='word_1_82' title='bbox 1883 1374 2109 1426; x_wconf 79' lang='lat' dir='ltr'><strong>tantam</strong></span> <span class='ocrx_word' id='word_1_83' title='bbox 2154 1364 2371 1425; x_wconf 84' lang='lat' dir='ltr'><strong>civium</strong></span> <span class='ocrx_word' id='word_1_84' title='bbox 2416 1363 2853 1424; x_wconf 80' lang='lat' dir='ltr'><strong>multitudinem</strong></span> <span class='ocrx_word' id='word_1_85' title='bbox 2897 1383 2977 1423; x_wconf 89' lang='lat' dir='ltr'><strong>eo</strong></span> 
     </span>
     <span class='ocr_line' id='line_1_11' title="bbox 1077 1462 2489 1546; baseline -0.001 -22"><span class='ocrx_word' id='word_1_86' title='bbox 1077 1462 1338 1546; x_wconf 84' lang='lat' dir='ltr'><strong>tempore</strong></span> <span class='ocrx_word' id='word_1_87' title='bbox 1363 1464 1590 1525; x_wconf 90' lang='lat' dir='ltr'><strong>bellum</strong></span> <span class='ocrx_word' id='word_1_88' title='bbox 1616 1474 1680 1525; x_wconf 92' lang='lat' dir='ltr'><strong>et</strong></span> <span class='ocrx_word' id='word_1_89' title='bbox 1704 1462 2015 1542; x_wconf 79' lang='lat' dir='ltr'><strong>naufragia</strong></span> <span class='ocrx_word' id='word_1_90' title='bbox 2036 1470 2489 1523; x_wconf 75' lang='lat' dir='ltr'><strong>consumserunt.</strong></span> 
     </span>
    </p>

    <p class='ocr_par' dir='ltr' id='par_1_5' title="bbox 1076 1556 2977 2901">
     <span class='ocr_line' id='line_1_12' title="bbox 1159 1556 2975 1640; baseline -0.001 -20"><span class='ocrx_word' id='word_1_91' title='bbox 1159 1567 1258 1622; x_wconf 81' lang='lat'><strong>39.</strong></span> <span class='ocrx_word' id='word_1_92' title='bbox 1303 1559 1443 1620; x_wconf 87' lang='lat' dir='ltr'><strong>Nec</strong></span> <span class='ocrx_word' id='word_1_93' title='bbox 1484 1560 1618 1621; x_wconf 92' lang='lat' dir='ltr'><strong>ideo</strong></span> <span class='ocrx_word' id='word_1_94' title='bbox 1671 1561 1905 1639; x_wconf 84' lang='lat' dir='ltr'><strong>segnius</strong></span> <span class='ocrx_word' id='word_1_95' title='bbox 1940 1558 2196 1640; x_wconf 90' lang='lat' dir='ltr'><strong>suppleti</strong></span> <span class='ocrx_word' id='word_1_96' title='bbox 2246 1559 2539 1619; x_wconf 85' lang='lat' dir='ltr'><strong>exercitus</strong></span> <span class='ocrx_word' id='word_1_97' title='bbox 2590 1556 2800 1629; x_wconf 87' lang='lat' dir='ltr'><strong>Siculi,</strong></span> <span class='ocrx_word' id='word_1_98' title='bbox 2856 1556 2975 1619; x_wconf 87' lang='grc' dir='ltr'><strong>Μ’.</strong></span> 
     </span>
     <span class='ocr_line' id='line_1_13' title="bbox 1080 1653 2973 1726; baseline -0.001 -9"><span class='ocrx_word' id='word_1_99' title='bbox 1080 1656 1343 1718; x_wconf 76' lang='lat' dir='ltr'><strong>Otacilio</strong></span> <span class='ocrx_word' id='word_1_100' title='bbox 1368 1656 1454 1717; x_wconf 76' lang='lat' dir='ltr'><strong>C.</strong></span> <span class='ocrx_word' id='word_1_101' title='bbox 1476 1657 1548 1717; x_wconf 88' lang='lat' dir='ltr'><strong>F.</strong></span> <span class='ocrx_word' id='word_1_102' title='bbox 1569 1657 1689 1716; x_wconf 77' lang='grc' dir='ltr'><strong>Μ’.</strong></span> <span class='ocrx_word' id='word_1_103' title='bbox 1713 1656 1803 1716; x_wconf 87' lang='grc' dir='ltr'><strong>Ν.</strong></span> <span class='ocrx_word' id='word_1_104' title='bbox 1833 1655 2049 1717; x_wconf 78' lang='lat' dir='ltr'><strong>Crasso</strong></span> <span class='ocrx_word' id='word_1_105' title='bbox 2072 1653 2421 1726; x_wconf 82' lang='lat' dir='ltr'><strong>iterum,.M.</strong></span> <span class='ocrx_word' id='word_1_106' title='bbox 2450 1655 2645 1714; x_wconf 84' lang='lat' dir='ltr'><strong>Fabio</strong></span> <span class='ocrx_word' id='word_1_107' title='bbox 2657 1655 2734 1716; x_wconf 83' lang='lat' dir='ltr'><strong>C.</strong></span> <span class='ocrx_word' id='word_1_108' title='bbox 2759 1654 2831 1714; x_wconf 88' lang='lat' dir='ltr'><strong>F.</strong></span> <span class='ocrx_word' id='word_1_109' title='bbox 2856 1654 2973 1716; x_wconf 87' lang='lat' dir='ltr'><strong>M&#39;.</strong></span> 
     </span>
     <span class='ocr_line' id='line_1_14' title="bbox 1082 1749 2975 1832; baseline -0.001 -19"><span class='ocrx_word' id='word_1_110' title='bbox 1082 1753 1170 1813; x_wconf 88' lang='lat' dir='ltr'><strong>N.</strong></span> <span class='ocrx_word' id='word_1_111' title='bbox 1201 1753 1408 1813; x_wconf 85' lang='lat' dir='ltr'><strong>Licino</strong></span> <span class='ocrx_word' id='word_1_112' title='bbox 1433 1751 1769 1814; x_wconf 85' lang='lat' dir='ltr'><strong>consulibus</strong></span> <span class='ocrx_word' id='word_1_113' title='bbox 1792 1749 2261 1812; x_wconf 61' lang='lat' dir='ltr'><strong>deducentibus!</strong></span> <span class='ocrx_word' id='word_1_114' title='bbox 2326 1751 2423 1812; x_wconf 86' lang='lat' dir='ltr'><strong>Hi</strong></span> <span class='ocrx_word' id='word_1_115' title='bbox 2461 1751 2813 1812; x_wconf 67' lang='lat' dir='ltr'><strong>laboriom</strong></span> <span class='ocrx_word' id='word_1_116' title='bbox 2838 1753 2975 1832; x_wconf 90' lang='lat' dir='ltr'><strong>qui-</strong></span> 
     </span>
     <span class='ocr_line' id='line_1_15' title="bbox 1077 1847 2969 1928; baseline -0.001 -18"><span class='ocrx_word' id='word_1_117' title='bbox 1077 1849 1212 1910; x_wconf 91' lang='lat' dir='ltr'><strong>dem</strong></span> <span class='ocrx_word' id='word_1_118' title='bbox 1228 1858 1292 1910; x_wconf 91' lang='lat' dir='ltr'><strong>et</strong></span> <span class='ocrx_word' id='word_1_119' title='bbox 1303 1851 1624 1911; x_wconf 83' lang='lat' dir='ltr'><strong>exercitam</strong></span> <span class='ocrx_word' id='word_1_120' title='bbox 1642 1849 1917 1910; x_wconf 89' lang='lat' dir='ltr'><strong>militiam</strong></span> <span class='ocrx_word' id='word_1_121' title='bbox 1941 1849 2237 1909; x_wconf 78' lang='lat' dir='ltr'><strong>habuere:</strong></span> <span class='ocrx_word' id='word_1_122' title='bbox 2270 1857 2693 1920; x_wconf 78' lang='lat' dir='ltr'><strong>verumtamen,</strong></span> <span class='ocrx_word' id='word_1_123' title='bbox 2714 1849 2857 1928; x_wconf 70' lang='lat' dir='ltr'><strong>quia</strong></span> <span class='ocrx_word' id='word_1_124' title='bbox 2883 1847 2969 1909; x_wconf 91' lang='lat' dir='ltr'><strong>lo-</strong></span> 
     </span>
     <span class='ocr_line' id='line_1_16' title="bbox 1077 1945 2973 2029; baseline -0.001 -23"><span class='ocrx_word' id='word_1_125' title='bbox 1077 1967 1278 2008; x_wconf 89' lang='lat' dir='ltr'><strong>corum</strong></span> <span class='ocrx_word' id='word_1_126' title='bbox 1304 1967 1438 2029; x_wconf 85' lang='lat' dir='ltr'><strong>quae</strong></span> <span class='ocrx_word' id='word_1_127' title='bbox 1462 1956 1825 2029; x_wconf 83' lang='lat' dir='ltr'><strong>praeceperat</strong></span> <span class='ocrx_word' id='word_1_128' title='bbox 1848 1945 2384 2028; x_wconf 78' lang='lat' dir='ltr'><strong>opportunitatibus</strong></span> <span class='ocrx_word' id='word_1_129' title='bbox 2426 1965 2697 2006; x_wconf 83' lang='lat' dir='ltr'><strong>emovere</strong></span> <span class='ocrx_word' id='word_1_130' title='bbox 2726 1945 2973 2006; x_wconf 83' lang='lat' dir='ltr'><strong>Hamil·-</strong></span> 
     </span>
     <span class='ocr_line' id='line_1_17' title="bbox 1078 2041 2972 2124; baseline 0 -20"><span class='ocrx_word' id='word_1_131' title='bbox 1078 2064 1272 2104; x_wconf 82' lang='lat' dir='ltr'><strong>carem</strong></span> <span class='ocrx_word' id='word_1_132' title='bbox 1305 2045 1712 2124; x_wconf 76' lang='lat' dir='ltr'><strong>nequiverant,</strong></span> <span class='ocrx_word' id='word_1_133' title='bbox 1741 2043 1886 2103; x_wconf 89' lang='lat' dir='ltr'><strong>nihil</strong></span> <span class='ocrx_word' id='word_1_134' title='bbox 1925 2043 2204 2103; x_wconf 89' lang='lat' dir='ltr'><strong>memoria</strong></span> <span class='ocrx_word' id='word_1_135' title='bbox 2237 2041 2477 2121; x_wconf 81' lang='lat' dir='ltr'><strong>dignum</strong></span> <span class='ocrx_word' id='word_1_136' title='bbox 2504 2062 2767 2121; x_wconf 79' lang='lat' dir='ltr'><strong>gessere:</strong></span> <span class='ocrx_word' id='word_1_137' title='bbox 2810 2043 2972 2123; x_wconf 87' lang='lat' dir='ltr'><strong>quod</strong></span> 
     </span>
     <span class='ocr_line' id='line_1_18' title="bbox 1077 2137 2974 2221; baseline 0.001 -21"><span class='ocrx_word' id='word_1_138' title='bbox 1077 2142 1454 2221; x_wconf 88' lang='lat' dir='ltr'><strong>sequentibus</strong></span> <span class='ocrx_word' id='word_1_139' title='bbox 1477 2142 1657 2201; x_wconf 87' lang='lat' dir='ltr'><strong>etiam</strong></span> <span class='ocrx_word' id='word_1_140' title='bbox 1692 2140 1919 2221; x_wconf 87' lang='lat' dir='ltr'><strong>aliquot</strong></span> <span class='ocrx_word' id='word_1_141' title='bbox 1944 2139 2233 2200; x_wconf 85' lang='lat' dir='ltr'><strong>Romanis</strong></span> <span class='ocrx_word' id='word_1_142' title='bbox 2266 2137 2602 2198; x_wconf 87' lang='lat' dir='ltr'><strong>consulibus</strong></span> <span class='ocrx_word' id='word_1_143' title='bbox 2627 2139 2867 2212; x_wconf 86' lang='lat' dir='ltr'><strong>accidit,</strong></span> <span class='ocrx_word' id='word_1_144' title='bbox 2894 2142 2974 2201; x_wconf 92' lang='lat' dir='ltr'><strong>ob</strong></span> 
     </span>
     <span class='ocr_line' id='line_1_19' title="bbox 1078 2235 2973 2319; baseline 0.001 -23"><span class='ocrx_word' id='word_1_145' title='bbox 1078 2237 1233 2297; x_wconf 91' lang='lat' dir='ltr'><strong>idem</strong></span> <span class='ocrx_word' id='word_1_146' title='bbox 1260 2237 1712 2310; x_wconf 89' lang='lat' dir='ltr'><strong>incommodum,</strong></span> <span class='ocrx_word' id='word_1_147' title='bbox 1738 2247 1801 2298; x_wconf 89' lang='lat' dir='ltr'><strong>et</strong></span> <span class='ocrx_word' id='word_1_148' title='bbox 1824 2237 1969 2319; x_wconf 89' lang='lat' dir='ltr'><strong>quia</strong></span> <span class='ocrx_word' id='word_1_149' title='bbox 2002 2236 2288 2316; x_wconf 88' lang='lat' dir='ltr'><strong>repentini</strong></span> <span class='ocrx_word' id='word_1_150' title='bbox 2319 2235 2499 2296; x_wconf 85' lang='lat' dir='ltr'><strong>duces</strong></span> <span class='ocrx_word' id='word_1_151' title='bbox 2522 2235 2801 2297; x_wconf 72' lang='lat' dir='ltr'><strong>adversus</strong></span> <span class='ocrx_word' id='word_1_152' title='bbox 2840 2259 2973 2318; x_wconf 88' lang='lat' dir='ltr'><strong>per·-</strong></span> 
     </span>
     <span class='ocr_line' id='line_1_20' title="bbox 1078 2332 2975 2416; baseline 0.001 -22"><span class='ocrx_word' id='word_1_153' title='bbox 1078 2343 1321 2415; x_wconf 88' lang='lat' dir='ltr'><strong>petuum</strong></span> <span class='ocrx_word' id='word_1_154' title='bbox 1370 2343 1745 2414; x_wconf 83' lang='lat' dir='ltr'><strong>veteremque</strong></span> <span class='ocrx_word' id='word_1_155' title='bbox 1796 2333 2015 2395; x_wconf 87' lang='lat' dir='ltr'><strong>delecti</strong></span> <span class='ocrx_word' id='word_1_156' title='bbox 2077 2332 2209 2414; x_wconf 86' lang='lat' dir='ltr'><strong>plus</strong></span> <span class='ocrx_word' id='word_1_157' title='bbox 2276 2333 2697 2414; x_wconf 85' lang='lat' dir='ltr'><strong>propemodum</strong></span> <span class='ocrx_word' id='word_1_158' title='bbox 2746 2344 2975 2416; x_wconf 85' lang='lat' dir='ltr'><strong>tempo-</strong></span> 
     </span>
     <span class='ocr_line' id='line_1_21' title="bbox 1079 2429 2975 2514; baseline 0.002 -24"><span class='ocrx_word' id='word_1_159' title='bbox 1079 2432 1158 2490; x_wconf 87' lang='lat' dir='ltr'><strong>ris</strong></span> <span class='ocrx_word' id='word_1_160' title='bbox 1199 2432 1260 2491; x_wconf 90' lang='lat' dir='ltr'><strong>in</strong></span> <span class='ocrx_word' id='word_1_161' title='bbox 1302 2433 1707 2514; x_wconf 79' lang='lat' dir='ltr'><strong>apparatibus,</strong></span> <span class='ocrx_word' id='word_1_162' title='bbox 1756 2441 1820 2492; x_wconf 90' lang='lat' dir='ltr'><strong>et</strong></span> <span class='ocrx_word' id='word_1_163' title='bbox 1864 2431 2121 2498; x_wconf 89' lang='lat' dir='ltr'><strong>locorum</strong></span> <span class='ocrx_word' id='word_1_164' title='bbox 2164 2430 2299 2503; x_wconf 86' lang='lat' dir='ltr'><strong>situ,</strong></span> <span class='ocrx_word' id='word_1_165' title='bbox 2346 2429 2600 2490; x_wconf 89' lang='lat' dir='ltr'><strong>militum</strong></span> <span class='ocrx_word' id='word_1_166' title='bbox 2643 2430 2975 2504; x_wconf 83' lang='lat' dir='ltr'><strong>voluntate,</strong></span> 
     </span>
     <span class='ocr_line' id='line_1_22' title="bbox 1077 2527 2977 2609; baseline 0.002 -22"><span class='ocrx_word' id='word_1_167' title='bbox 1077 2537 1350 2609; x_wconf 86' lang='lat' dir='ltr'><strong>statuque</strong></span> <span class='ocrx_word' id='word_1_168' title='bbox 1393 2528 1534 2588; x_wconf 87' lang='lat' dir='ltr'><strong>belli</strong></span> <span class='ocrx_word' id='word_1_169' title='bbox 1557 2527 1967 2607; x_wconf 80' lang='lat' dir='ltr'><strong>cognoscendo</strong></span> <span class='ocrx_word' id='word_1_170' title='bbox 2004 2547 2343 2588; x_wconf 80' lang='lat' dir='ltr'><strong>consumere</strong></span> <span class='ocrx_word' id='word_1_171' title='bbox 2382 2528 2763 2606; x_wconf 82' lang='lat' dir='ltr'><strong>cogebantur,</strong></span> <span class='ocrx_word' id='word_1_172' title='bbox 2796 2549 2977 2609; x_wconf 87' lang='lat' dir='ltr'><strong>quam</strong></span> 
     </span>
     <span class='ocr_line' id='line_1_23' title="bbox 1078 2624 2975 2707; baseline 0.002 -21"><span class='ocrx_word' id='word_1_173' title='bbox 1078 2625 1157 2686; x_wconf 82' lang='lat' dir='ltr'><strong>ad</strong></span> <span class='ocrx_word' id='word_1_174' title='bbox 1202 2646 1293 2686; x_wconf 88' lang='lat' dir='ltr'><strong>res</strong></span> <span class='ocrx_word' id='word_1_175' title='bbox 1331 2626 1616 2705; x_wconf 82' lang='lat' dir='ltr'><strong>gerendas</strong></span> <span class='ocrx_word' id='word_1_176' title='bbox 1654 2626 1988 2707; x_wconf 84' lang='lat' dir='ltr'><strong>superabat.</strong></span> <span class='ocrx_word' id='word_1_177' title='bbox 2072 2624 2214 2693; x_wconf 82' lang='lat' dir='ltr'><strong>Quo</strong></span> <span class='ocrx_word' id='word_1_178' title='bbox 2253 2625 2433 2685; x_wconf 88' lang='lat' dir='ltr'><strong>etiam</strong></span> <span class='ocrx_word' id='word_1_179' title='bbox 2478 2625 2725 2686; x_wconf 88' lang='lat' dir='ltr'><strong>consilio</strong></span> <span class='ocrx_word' id='word_1_180' title='bbox 2748 2625 2975 2689; x_wconf 82' lang='lat' dir='ltr'><strong>factum</strong></span> 
     </span>
     <span class='ocr_line' id='line_1_24' title="bbox 1076 2722 2974 2804; baseline 0.001 -22"><span class='ocrx_word' id='word_1_181' title='bbox 1076 2722 1308 2784; x_wconf 84' lang='lat' dir='ltr'><strong>videtur</strong></span> <span class='ocrx_word' id='word_1_182' title='bbox 1331 2723 1438 2783; x_wconf 90' lang='lat' dir='ltr'><strong>illo</strong></span> <span class='ocrx_word' id='word_1_183' title='bbox 1453 2742 1631 2795; x_wconf 88' lang='lat' dir='ltr'><strong>ann0,</strong></span> <span class='ocrx_word' id='word_1_184' title='bbox 1654 2732 1739 2795; x_wconf 91' lang='lat' dir='ltr'><strong>ut,</strong></span> <span class='ocrx_word' id='word_1_185' title='bbox 1756 2743 1892 2783; x_wconf 88' lang='lat' dir='ltr'><strong>cum</strong></span> <span class='ocrx_word' id='word_1_186' title='bbox 1912 2722 2156 2782; x_wconf 87' lang='lat' dir='ltr'><strong>instaret</strong></span> <span class='ocrx_word' id='word_1_187' title='bbox 2177 2722 2543 2781; x_wconf 86' lang='lat' dir='ltr'><strong>comitiorum</strong></span> <span class='ocrx_word' id='word_1_188' title='bbox 2568 2730 2823 2804; x_wconf 83' lang='lat' dir='ltr'><strong>tempus,</strong></span> <span class='ocrx_word' id='word_1_189' title='bbox 2846 2724 2974 2785; x_wconf 88' lang='lat' dir='ltr'><strong>dic-</strong></span> 
     </span>
     <span class='ocr_line' id='line_1_25' title="bbox 1077 2816 2977 2901; baseline 0.003 -24"><span class='ocrx_word' id='word_1_190' title='bbox 1077 2826 1334 2879; x_wconf 85' lang='lat' dir='ltr'><strong>tatorem</strong></span> <span class='ocrx_word' id='word_1_191' title='bbox 1371 2821 1571 2900; x_wconf 82' lang='lat' dir='ltr'><strong>potius</strong></span> <span class='ocrx_word' id='word_1_192' title='bbox 1607 2820 1733 2880; x_wconf 85' lang='lat' dir='ltr'><strong>dici.</strong></span> <span class='ocrx_word' id='word_1_193' title='bbox 1763 2820 2056 2901; x_wconf 79' lang='lat' dir='ltr'><strong>placeret,</strong></span> <span class='ocrx_word' id='word_1_194' title='bbox 2091 2837 2269 2898; x_wconf 89' lang='lat' dir='ltr'><strong>quam</strong></span> <span class='ocrx_word' id='word_1_195' title='bbox 2302 2816 2605 2878; x_wconf 87' lang='lat' dir='ltr'><strong>consulum</strong></span> <span class='ocrx_word' id='word_1_196' title='bbox 2634 2820 2977 2883; x_wconf 84' lang='lat' dir='ltr'><strong>alterutrum</strong></span> 
     </span>
    </p>
   </div>
   <div class='ocr_carea' id='block_1_3' title="bbox 755 2107 924 2160">
    <p class='ocr_par' dir='ltr' id='par_1_6' title="bbox 755 2107 924 2160">
     <span class='ocr_line' id='line_1_26' title="bbox 755 2107 924 2160; baseline 0.012 -3"><span class='ocrx_word' id='word_1_197' title='bbox 755 2107 924 2160; x_wconf 76' lang='lat' dir='ltr'><strong>Zonar.</strong></span> 
     </span>
    </p>
   </div>
   <div class='ocr_carea' id='block_1_4' title="bbox 753 2789 1053 2857">
    <p class='ocr_par' dir='ltr' id='par_1_7' title="bbox 753 2789 1053 2857">
     <span class='ocr_line' id='line_1_27' title="bbox 753 2789 1053 2857; baseline 0.013 -19"><span class='ocrx_word' id='word_1_198' title='bbox 753 2789 882 2839; x_wconf 80' lang='lat' dir='ltr'><strong>Fasti</strong></span> <span class='ocrx_word' id='word_1_199' title='bbox 893 2790 1053 2857; x_wconf 81' lang='lat' dir='ltr'><strong>Capit.</strong></span> 
     </span>
    </p>
   </div>
   <div class='ocr_carea' id='block_1_5' title="bbox 1077 2915 2973 2981">
    <p class='ocr_par' dir='ltr' id='par_1_8' title="bbox 1077 2915 2973 2981">
     <span class='ocr_line' id='line_1_28' title="bbox 1077 2915 2973 2981; baseline 0.001 -4"><span class='ocrx_word' id='word_1_200' title='bbox 1077 2939 1154 2978; x_wconf 83' lang='lat' dir='ltr'><strong>ex</strong></span> <span class='ocrx_word' id='word_1_201' title='bbox 1184 2916 1393 2979; x_wconf 78' lang='lat' dir='ltr'><strong>Sicilia</strong></span> <span class='ocrx_word' id='word_1_202' title='bbox 1411 2920 1670 2981; x_wconf 81' lang='lat' dir='ltr'><strong>evocari.</strong></span> <span class='ocrx_word' id='word_1_203' title='bbox 1754 2920 1967 2979; x_wconf 85' lang='lat' dir='ltr'><strong>Dictus</strong></span> <span class='ocrx_word' id='word_1_204' title='bbox 1991 2926 2085 2977; x_wconf 80' lang='lat' dir='ltr'><strong>est</strong></span> <span class='ocrx_word' id='word_1_205' title='bbox 2099 2916 2202 2976; x_wconf 88' lang='lat' dir='ltr'><strong>Ti.</strong></span> <span class='ocrx_word' id='word_1_206' title='bbox 2223 2915 2631 2977; x_wconf 80' lang='lat' dir='ltr'><strong>Coruncanius</strong></span> <span class='ocrx_word' id='word_1_207' title='bbox 2654 2916 2748 2979; x_wconf 78' lang='lat' dir='ltr'><strong>Ti.</strong></span> <span class='ocrx_word' id='word_1_208' title='bbox 2778 2918 2851 2979; x_wconf 88' lang='lat' dir='ltr'><strong>F.</strong></span> <span class='ocrx_word' id='word_1_209' title='bbox 2878 2918 2973 2979; x_wconf 90' lang='lat' dir='ltr'><strong>Ti.</strong></span> 
     </span>
    </p>
   </div>
   <div class='ocr_carea' id='block_1_6' title="bbox 785 3013 2991 3107">
    <p class='ocr_par' dir='ltr' id='par_1_9' title="bbox 785 3013 2991 3107">
     <span class='ocr_line' id='line_1_29' title="bbox 785 3013 2991 3107; baseline -0.001 -29"><span class='ocrx_word' id='word_1_210' title='bbox 785 3056 852 3104; x_wconf 51' lang='lat' dir='ltr'><strong>A·</strong></span> <span class='ocrx_word' id='word_1_211' title='bbox 869 3056 1000 3107; x_wconf 81' lang='lat' dir='ltr'><strong>Gen.</strong></span> <span class='ocrx_word' id='word_1_212' title='bbox 1080 3013 1170 3074; x_wconf 88' lang='grc' dir='ltr'><strong>Ν.</strong></span> <span class='ocrx_word' id='word_1_213' title='bbox 1197 3016 1564 3075; x_wconf 85' lang='lat' dir='ltr'><strong>comitiorum</strong></span> <span class='ocrx_word' id='word_1_214' title='bbox 1590 3014 1991 3075; x_wconf 84' lang='lat' dir='ltr'><strong>habendorum</strong></span> <span class='ocrx_word' id='word_1_215' title='bbox 2024 3033 2241 3073; x_wconf 86' lang='lat' dir='ltr'><strong>causa:</strong></span> <span class='ocrx_word' id='word_1_216' title='bbox 2270 3013 2319 3073; x_wconf 90' lang='lat' dir='ltr'><strong>is</strong></span> <span class='ocrx_word' id='word_1_217' title='bbox 2344 3013 2682 3091; x_wconf 83' lang='lat' dir='ltr'><strong>magistrum</strong></span> <span class='ocrx_word' id='word_1_218' title='bbox 2710 3016 2991 3097; x_wconf 82' lang='lat' dir='ltr'><strong>equitum</strong></span> 
     </span>
    </p>
   </div>
   <div class='ocr_carea' id='block_1_7' title="bbox 753 3108 2446 3179">
    <p class='ocr_par' dir='ltr' id='par_1_10' title="bbox 753 3108 2446 3179">
     <span class='ocr_line' id='line_1_30' title="bbox 753 3108 2446 3179; baseline 0.001 -12"><span class='ocrx_word' id='word_1_219' title='bbox 753 3136 808 3170; x_wconf 83' lang='lat' dir='ltr'><strong>x.</strong></span> <span class='ocrx_word' id='word_1_220' title='bbox 827 3125 880 3171; x_wconf 79' lang='lat' dir='ltr'><strong>o.</strong></span> <span class='ocrx_word' id='word_1_221' title='bbox 914 3121 1021 3171; x_wconf 80' lang='lat' dir='ltr'><strong>Liv.</strong></span> <span class='ocrx_word' id='word_1_222' title='bbox 1079 3110 1173 3172; x_wconf 91' lang='lat' dir='ltr'><strong>M.</strong></span> <span class='ocrx_word' id='word_1_223' title='bbox 1203 3111 1481 3172; x_wconf 80' lang='lat' dir='ltr'><strong>Fulvium</strong></span> <span class='ocrx_word' id='word_1_224' title='bbox 1509 3113 1591 3179; x_wconf 82' lang='lat' dir='ltr'><strong>Q.</strong></span> <span class='ocrx_word' id='word_1_225' title='bbox 1621 3110 1693 3171; x_wconf 87' lang='lat' dir='ltr'><strong>F.</strong></span> <span class='ocrx_word' id='word_1_226' title='bbox 1724 3110 1817 3171; x_wconf 90' lang='lat' dir='ltr'><strong>M.</strong></span> <span class='ocrx_word' id='word_1_227' title='bbox 1847 3110 1936 3170; x_wconf 89' lang='lat' dir='ltr'><strong>N.</strong></span> <span class='ocrx_word' id='word_1_228' title='bbox 1965 3109 2248 3170; x_wconf 78' lang='lat' dir='ltr'><strong>Flaccum</strong></span> <span class='ocrx_word' id='word_1_229' title='bbox 2273 3108 2446 3169; x_wconf 85' lang='lat' dir='ltr'><strong>dixit.</strong></span> 
     </span>
    </p>
   </div>
   <div class='ocr_carea' id='block_1_8' title="bbox 751 3184 2980 3483">
    <p class='ocr_par' dir='ltr' id='par_1_11' title="bbox 751 3184 2980 3483">
     <span class='ocr_line' id='line_1_31' title="bbox 753 3184 2977 3301; baseline 0.003 -36"><span class='ocrx_word' id='word_1_230' title='bbox 753 3184 1054 3301; x_wconf 49' lang='grc' dir='ltr'><strong>ξξέἱίξῆἶὴ</strong></span> <span class='ocrx_word' id='word_1_231' title='bbox 1156 3216 1257 3269; x_wconf 84' lang='grc'><strong>40.</strong></span> <span class='ocrx_word' id='word_1_232' title='bbox 1302 3208 1540 3268; x_wconf 85' lang='lat' dir='ltr'><strong>Interea</strong></span> <span class='ocrx_word' id='word_1_233' title='bbox 1562 3207 1681 3268; x_wconf 91' lang='lat' dir='ltr'><strong>duo</strong></span> <span class='ocrx_word' id='word_1_234' title='bbox 1704 3208 1921 3267; x_wconf 88' lang='lat' dir='ltr'><strong>tribuni</strong></span> <span class='ocrx_word' id='word_1_235' title='bbox 1940 3205 2129 3287; x_wconf 87' lang='lat' dir='ltr'><strong>plebis</strong></span> <span class='ocrx_word' id='word_1_236' title='bbox 2146 3206 2220 3266; x_wconf 91' lang='lat' dir='ltr'><strong>C.</strong></span> <span class='ocrx_word' id='word_1_237' title='bbox 2245 3205 2586 3267; x_wconf 84' lang='lat' dir='ltr'><strong>Fundanius</strong></span> <span class='ocrx_word' id='word_1_238' title='bbox 2602 3218 2665 3269; x_wconf 85' lang='lat' dir='ltr'><strong>et</strong></span> <span class='ocrx_word' id='word_1_239' title='bbox 2679 3207 2772 3268; x_wconf 89' lang='lat' dir='ltr'><strong>Ti.</strong></span> <span class='ocrx_word' id='word_1_240' title='bbox 2802 3208 2977 3270; x_wconf 84' lang='lat' dir='ltr'><strong>Sem-</strong></span> 
     </span>
     <span class='ocr_line' id='line_1_32' title="bbox 753 3301 2980 3386; baseline 0.002 -23"><span class='ocrx_word' id='word_1_241' title='bbox 753 3330 798 3363; x_wconf 88' lang='lat' dir='ltr'><strong>c.</strong></span> <span class='ocrx_word' id='word_1_242' title='bbox 821 3320 876 3365; x_wconf 83' lang='lat'><strong>2.</strong></span> <span class='ocrx_word' id='word_1_243' title='bbox 901 3317 1012 3366; x_wconf 79' lang='lat' dir='ltr'><strong>val.</strong></span> <span class='ocrx_word' id='word_1_244' title='bbox 1077 3305 1344 3385; x_wconf 71' lang='lat' dir='ltr'><strong>pronius‘*</strong></span> <span class='ocrx_word' id='word_1_245' title='bbox 1371 3304 1644 3364; x_wconf 84' lang='lat' dir='ltr'><strong>Claudiae</strong></span> <span class='ocrx_word' id='word_1_246' title='bbox 1673 3304 1867 3385; x_wconf 89' lang='lat' dir='ltr'><strong>Appii</strong></span> <span class='ocrx_word' id='word_1_247' title='bbox 1893 3303 2061 3363; x_wconf 80' lang='lat' dir='ltr'><strong>caeci</strong></span> <span class='ocrx_word' id='word_1_248' title='bbox 2085 3301 2225 3362; x_wconf 84' lang='lat' dir='ltr'><strong>filiae</strong></span> <span class='ocrx_word' id='word_1_249' title='bbox 2251 3302 2409 3362; x_wconf 91' lang='lat' dir='ltr'><strong>diem</strong></span> <span class='ocrx_word' id='word_1_250' title='bbox 2437 3302 2515 3363; x_wconf 86' lang='lat' dir='ltr'><strong>ad</strong></span> <span class='ocrx_word' id='word_1_251' title='bbox 2540 3306 2823 3386; x_wconf 90' lang='lat' dir='ltr'><strong>populum</strong></span> <span class='ocrx_word' id='word_1_252' title='bbox 2840 3306 2980 3368; x_wconf 80' lang='lat' dir='ltr'><strong>dix-</strong></span> 
     </span>
     <span class='ocr_line' id='line_1_33' title="bbox 751 3380 2980 3483; baseline 0.004 -27"><span class='ocrx_word' id='word_1_253' title='bbox 751 3380 888 3429; x_wconf 79' lang='lat' dir='ltr'><strong>Max.</strong></span> <span class='ocrx_word' id='word_1_254' title='bbox 913 3397 1032 3430; x_wconf 67' lang='lat' dir='ltr'><strong>vm·</strong></span> <span class='ocrx_word' id='word_1_255' title='bbox 1077 3410 1270 3474; x_wconf 88' lang='lat' dir='ltr'><strong>erunt,</strong></span> <span class='ocrx_word' id='word_1_256' title='bbox 1298 3400 1456 3483; x_wconf 88' lang='lat' dir='ltr'><strong>quod</strong></span> <span class='ocrx_word' id='word_1_257' title='bbox 1483 3421 1520 3461; x_wconf 93' lang='lat' dir='ltr'><strong>a</strong></span> <span class='ocrx_word' id='word_1_258' title='bbox 1541 3400 1697 3461; x_wconf 88' lang='lat' dir='ltr'><strong>ludis</strong></span> <span class='ocrx_word' id='word_1_259' title='bbox 1721 3400 1970 3471; x_wconf 90' lang='lat' dir='ltr'><strong>rediens,</strong></span> <span class='ocrx_word' id='word_1_260' title='bbox 1988 3419 2124 3459; x_wconf 90' lang='lat' dir='ltr'><strong>cum</strong></span> <span class='ocrx_word' id='word_1_261' title='bbox 2149 3401 2323 3459; x_wconf 87' lang='lat' dir='ltr'><strong>turba</strong></span> <span class='ocrx_word' id='word_1_262' title='bbox 2347 3410 2724 3480; x_wconf 88' lang='lat' dir='ltr'><strong>premeretur,</strong></span> <span class='ocrx_word' id='word_1_263' title='bbox 2752 3403 2813 3461; x_wconf 87' lang='lat' dir='ltr'><strong>in</strong></span> <span class='ocrx_word' id='word_1_264' title='bbox 2834 3424 2980 3463; x_wconf 88' lang='lat' dir='ltr'><strong>con-</strong></span> 
     </span>
    </p>
   </div>
   <div class='ocr_carea' id='block_1_9' title="bbox 757 3449 2978 3682">
    <p class='ocr_par' dir='ltr' id='par_1_12' title="bbox 757 3449 2978 3682">
     <span class='ocr_line' id='line_1_34' title="bbox 757 3449 2976 3578; baseline 0.002 -21"><span class='ocrx_word' id='word_1_265' title='bbox 757 3449 806 3497; x_wconf 84' lang='lat'><strong>1.</strong></span> <span class='ocrx_word' id='word_1_266' title='bbox 1077 3498 1230 3559; x_wconf 82' lang='lat' dir='ltr'><strong>ferta</strong></span> <span class='ocrx_word' id='word_1_267' title='bbox 1255 3496 1630 3557; x_wconf 86' lang='lat' dir='ltr'><strong>multitudine</strong></span> <span class='ocrx_word' id='word_1_268' title='bbox 1660 3517 1813 3575; x_wconf 79' lang='lat' dir='ltr'><strong>aegre</strong></span> <span class='ocrx_word' id='word_1_269' title='bbox 1856 3496 2211 3576; x_wconf 87' lang='lat' dir='ltr'><strong>procedente</strong></span> <span class='ocrx_word' id='word_1_270' title='bbox 2238 3508 2544 3578; x_wconf 87' lang='lat' dir='ltr'><strong>carpento,</strong></span> <span class='ocrx_word' id='word_1_271' title='bbox 2567 3518 2773 3560; x_wconf 82' lang='lat' dir='ltr'><strong>vocem</strong></span> <span class='ocrx_word' id='word_1_272' title='bbox 2801 3501 2976 3561; x_wconf 86' lang='lat' dir='ltr'><strong>mise-</strong></span> 
     </span>
     <span class='ocr_line' id='line_1_35' title="bbox 1080 3599 2978 3682; baseline 0.001 -21"><span class='ocrx_word' id='word_1_273' title='bbox 1080 3610 1172 3661; x_wconf 86' lang='lat' dir='ltr'><strong>rat</strong></span> <span class='ocrx_word' id='word_1_274' title='bbox 1197 3601 1360 3682; x_wconf 90' lang='lat' dir='ltr'><strong>impii</strong></span> <span class='ocrx_word' id='word_1_275' title='bbox 1385 3602 1509 3661; x_wconf 83' lang='lat' dir='ltr'><strong>voti</strong></span> <span class='ocrx_word' id='word_1_276' title='bbox 1534 3622 1550 3662; x_wconf 87' lang='lat'>:</span> <span class='ocrx_word' id='word_1_277' title='bbox 1596 3610 1614 3635; x_wconf 88' lang='lat'>‘</span> <span class='ocrx_word' id='word_1_278' title='bbox 1638 3600 1889 3660; x_wconf 85' lang='lat' dir='ltr'><strong>Utinam</strong></span> <span class='ocrx_word' id='word_1_279' title='bbox 1929 3599 2107 3660; x_wconf 86' lang='lat' dir='ltr'><strong>frater</strong></span> <span class='ocrx_word' id='word_1_280' title='bbox 2132 3620 2296 3659; x_wconf 86' lang='lat' dir='ltr'><strong>meus</strong></span> <span class='ocrx_word' id='word_1_281' title='bbox 2319 3601 2710 3674; x_wconf 83' lang='lat' dir='ltr'><strong>revivisceret,</strong></span> <span class='ocrx_word' id='word_1_282' title='bbox 2737 3603 2978 3663; x_wconf 82' lang='lat' dir='ltr'><strong>iterum-</strong></span> 
     </span>
    </p>
   </div>
   <div class='ocr_carea' id='block_1_10' title="bbox 1071 3743 2974 3862">
    <p class='ocr_par' dir='ltr' id='par_1_13' title="bbox 1071 3743 2974 3862">
     <span class='ocr_line' id='line_1_36' title="bbox 1071 3743 2974 3862; baseline 0.004 -68"><span class='ocrx_word' id='word_1_283' title='bbox 1071 3750 1184 3862; x_wconf 47' lang='grc' dir='ltr'><strong>Διΐ.</strong></span> <span class='ocrx_word' id='word_1_284' title='bbox 1206 3745 1290 3795; x_wconf 80' lang='lat' dir='ltr'><strong>Ita</strong></span> <span class='ocrx_word' id='word_1_285' title='bbox 1309 3744 1462 3795; x_wconf 79' lang='lat' dir='ltr'><strong>Crev.</strong></span> <span class='ocrx_word' id='word_1_286' title='bbox 1483 3760 1546 3797; x_wconf 81' lang='lat' dir='ltr'><strong>ex</strong></span> <span class='ocrx_word' id='word_1_287' title='bbox 1572 3745 1742 3796; x_wconf 78' lang='lat' dir='ltr'><strong>Fastis</strong></span> <span class='ocrx_word' id='word_1_288' title='bbox 1765 3744 1938 3810; x_wconf 83' lang='lat' dir='ltr'><strong>Capit.</strong></span> <span class='ocrx_word' id='word_1_289' title='bbox 1967 3743 2103 3795; x_wconf 89' lang='lat' dir='ltr'><strong>Edd.</strong></span> <span class='ocrx_word' id='word_1_290' title='bbox 2126 3744 2326 3811; x_wconf 74' lang='lat' dir='ltr'><strong>priores</strong></span> <span class='ocrx_word' id='word_1_291' title='bbox 2348 3748 2414 3797; x_wconf 76' lang='lat' dir='ltr'><strong>A.</strong></span> <span class='ocrx_word' id='word_1_292' title='bbox 2437 3746 2626 3798; x_wconf 74' lang='lat' dir='ltr'><strong>Manlio</strong></span> <span class='ocrx_word' id='word_1_293' title='bbox 2651 3748 2706 3800; x_wconf 86' lang='lat' dir='ltr'><strong>T.</strong></span> <span class='ocrx_word' id='word_1_294' title='bbox 2730 3748 2795 3799; x_wconf 78' lang='lat' dir='ltr'><strong>F.</strong></span> <span class='ocrx_word' id='word_1_295' title='bbox 2818 3750 2873 3802; x_wconf 81' lang='lat' dir='ltr'><strong>T.</strong></span> <span class='ocrx_word' id='word_1_296' title='bbox 2898 3750 2974 3802; x_wconf 89' lang='lat' dir='ltr'><strong>N.</strong></span> 
     </span>
     <span class='ocr_line' id='line_1_37' title="bbox 1167 3826 1254 3861; baseline -0.011 -1"><span class='ocrx_word' id='word_1_297' title='bbox 1167 3826 1254 3861; x_wconf 69' lang='lat' dir='ltr'><strong>nco.</strong></span> 
     </span>
    </p>
   </div>
   <div class='ocr_carea' id='block_1_11' title="bbox 1846 3890 2211 3911">
    <p class='ocr_par' dir='ltr' id='par_1_14' title="bbox 1846 3890 2211 3911">
     <span class='ocr_line' id='line_1_38' title="bbox 1846 3890 2211 3911; baseline 0.003 -1"><span class='ocrx_word' id='word_1_298' title='bbox 1846 3890 2211 3911; x_wconf 52' lang='lat' dir='ltr'><strong>“nn-0000„</strong></span> 
     </span>
    </p>
   </div>
   <div class='ocr_carea' id='block_1_12' title="bbox 1073 3971 2985 4428">
    <p class='ocr_par' dir='ltr' id='par_1_15' title="bbox 1073 3971 2985 4428">
     <span class='ocr_line' id='line_1_39' title="bbox 1140 3971 2979 4041; baseline 0.003 -18"><span class='ocrx_word' id='word_1_299' title='bbox 1140 3982 1166 4007; x_wconf 80' lang='lat'>⁶</span> <span class='ocrx_word' id='word_1_300' title='bbox 1185 3971 1398 4035; x_wconf 72' lang='lat' dir='ltr'><strong>Argenti</strong></span> <span class='ocrx_word' id='word_1_301' title='bbox 1411 3974 1566 4036; x_wconf 73' lang='lat' dir='ltr'><strong>pondo</strong></span> <span class='ocrx_word' id='word_1_302' title='bbox 1583 3972 1752 4023; x_wconf 74' lang='lat' dir='ltr'><strong>binaet</strong></span> <span class='ocrx_word' id='word_1_303' title='bbox 1769 3971 1991 4037; x_wconf 67' lang='lat' dir='ltr'><strong>selibras]</strong></span> <span class='ocrx_word' id='word_1_304' title='bbox 2058 3972 2308 4031; x_wconf 77' lang='lat' dir='ltr'><strong>tribunos,</strong></span> <span class='ocrx_word' id='word_1_305' title='bbox 2331 3975 2422 4023; x_wconf 78' lang='lat' dir='ltr'><strong>sed</strong></span> <span class='ocrx_word' id='word_1_306' title='bbox 2450 3976 2631 4025; x_wconf 71' lang='lat' dir='ltr'><strong>aediles</strong></span> <span class='ocrx_word' id='word_1_307' title='bbox 2656 3976 2824 4041; x_wconf 81' lang='lat' dir='ltr'><strong>plebis</strong></span> <span class='ocrx_word' id='word_1_308' title='bbox 2848 3976 2979 4028; x_wconf 79' lang='lat' dir='ltr'><strong>fuis-</strong></span> 
     </span>
     <span class='ocr_line' id='line_1_40' title="bbox 1073 4039 2978 4094; baseline 0.003 -6"><span class='ocrx_word' id='word_1_309' title='bbox 1073 4039 1272 4089; x_wconf 73' lang='lat' dir='ltr'><strong>Terna&#39;s</strong></span> <span class='ocrx_word' id='word_1_310' title='bbox 1317 4052 1518 4087; x_wconf 80' lang='lat' dir='ltr'><strong>marcas</strong></span> <span class='ocrx_word' id='word_1_311' title='bbox 1565 4046 1828 4087; x_wconf 76' lang='lat' dir='ltr'><strong>nostrates</strong></span> <span class='ocrx_word' id='word_1_312' title='bbox 1872 4053 1990 4088; x_wconf 84' lang='lat' dir='ltr'><strong>cum</strong></span> <span class='ocrx_word' id='word_1_313' title='bbox 2057 4054 2113 4088; x_wconf 86' lang='lat' dir='ltr'><strong>se</strong></span> <span class='ocrx_word' id='word_1_314' title='bbox 2149 4042 2221 4087; x_wconf 82' lang='lat' dir='ltr'><strong>ait</strong></span> <span class='ocrx_word' id='word_1_315' title='bbox 2262 4040 2481 4091; x_wconf 78' lang='lat' dir='ltr'><strong>Gellius.</strong></span> <span class='ocrx_word' id='word_1_316' title='bbox 2548 4042 2649 4091; x_wconf 87' lang='lat' dir='ltr'><strong>Sed</strong></span> <span class='ocrx_word' id='word_1_317' title='bbox 2688 4050 2743 4093; x_wconf 90' lang='lat' dir='ltr'><strong>et</strong></span> <span class='ocrx_word' id='word_1_318' title='bbox 2764 4042 2900 4093; x_wconf 82' lang='lat' dir='ltr'><strong>infra</strong></span> <span class='ocrx_word' id='word_1_319' title='bbox 2925 4059 2978 4094; x_wconf 90' lang='lat' dir='ltr'><strong>c.</strong></span> 
     </span>
     <span class='ocr_line' id='line_1_41' title="bbox 1073 4103 2985 4181; baseline 0.002 -27"><span class='ocrx_word' id='word_1_320' title='bbox 1073 4113 1276 4167; x_wconf 71' lang='lat' dir='ltr'><strong>septem</strong></span> <span class='ocrx_word' id='word_1_321' title='bbox 1302 4104 1468 4153; x_wconf 71' lang='lat' dir='ltr'><strong>unciis</strong></span> <span class='ocrx_word' id='word_1_322' title='bbox 1486 4111 1542 4153; x_wconf 88' lang='lat' dir='ltr'><strong>et</strong></span> <span class='ocrx_word' id='word_1_323' title='bbox 1565 4103 1767 4154; x_wconf 74' lang='lat' dir='ltr'><strong>duobus</strong></span> <span class='ocrx_word' id='word_1_324' title='bbox 1784 4104 1992 4166; x_wconf 75' lang='lat' dir='ltr'><strong>grossis.</strong></span> <span class='ocrx_word' id='word_1_325' title='bbox 2056 4108 2141 4155; x_wconf 75' lang='lat'><strong>⁴⁷.</strong></span> <span class='ocrx_word' id='word_1_326' title='bbox 2165 4169 2176 4181; x_wconf 47' lang='grc'><em>.</em></span> <span class='ocrx_word' id='word_1_327' title='bbox 2208 4104 2289 4154; x_wconf 86' lang='lat' dir='ltr'><strong>Ti.</strong></span> <span class='ocrx_word' id='word_1_328' title='bbox 2338 4106 2677 4181; x_wconf 51' lang='lat' dir='ltr'><strong>§emm-onius</strong></span> <span class='ocrx_word' id='word_1_329' title='bbox 2730 4108 2797 4157; x_wconf 85' lang='lat' dir='ltr'><strong>ab</strong></span> <span class='ocrx_word' id='word_1_330' title='bbox 2854 4108 2985 4172; x_wconf 72' lang='lat' dir='ltr'><strong>ipso·</strong></span> 
     </span>
     <span class='ocr_line' id='line_1_42' title="bbox 1079 4170 2977 4305; baseline 0.004 -22"><span class='ocrx_word' id='word_1_331' title='bbox 1079 4172 1264 4284; x_wconf 24' lang='lat' dir='ltr'><strong>crgo&amp;</strong></span> <span class='ocrx_word' id='word_1_332' title='bbox 1287 4233 1356 4283; x_wconf 82' lang='lat' dir='ltr'><strong>U.</strong></span> <span class='ocrx_word' id='word_1_333' title='bbox 1381 4234 1443 4283; x_wconf 89' lang='lat' dir='ltr'><strong>c.</strong></span> <span class='ocrx_word' id='word_1_334' title='bbox 1463 4236 1578 4282; x_wconf 82' lang='lat'><strong>606.</strong></span> <span class='ocrx_word' id='word_1_335' title='bbox 1613 4230 1674 4281; x_wconf 85' lang='grc' dir='ltr'><strong>Α.</strong></span> <span class='ocrx_word' id='word_1_336' title='bbox 1700 4232 1761 4283; x_wconf 90' lang='lat' dir='ltr'><strong>c.</strong></span> <span class='ocrx_word' id='word_1_337' title='bbox 1784 4236 1899 4282; x_wconf 79' lang='lat'><strong>246.</strong></span> <span class='ocrx_word' id='word_1_338' title='bbox 2058 4170 2977 4305; x_wconf 45' lang='grc' dir='ltr'><strong>ἷιῗᾷἶῖἶὴῖᾞιῗῑιῗῗιὲῃἷιὶιοῃῖῗεῗιῐῗὲἷ.</strong></span> 
     </span>
     <span class='ocr_line' id='line_1_43' title="bbox 1137 4298 2700 4360; baseline 0.001 -11"><span class='ocrx_word' id='word_1_339' title='bbox 1137 4306 1158 4332; x_wconf 64' lang='lat'><strong><em>³</em></strong></span> <span class='ocrx_word' id='word_1_340' title='bbox 1195 4302 1310 4350; x_wconf 72' lang='lat' dir='ltr'><strong>Duo</strong></span> <span class='ocrx_word' id='word_1_341' title='bbox 1325 4298 1504 4347; x_wconf 74' lang='lat' dir='ltr'><strong>tribuni</strong></span> <span class='ocrx_word' id='word_1_342' title='bbox 1524 4298 1689 4360; x_wconf 69' lang='lat' dir='ltr'><strong>plebis,</strong></span> <span class='ocrx_word' id='word_1_343' title='bbox 1714 4300 1771 4347; x_wconf 87' lang='lat' dir='ltr'><strong>C.</strong></span> <span class='ocrx_word' id='word_1_344' title='bbox 1796 4299 1986 4347; x_wconf 75' lang='lat' dir='ltr'><strong>Funda—</strong></span> <span class='ocrx_word' id='word_1_345' title='bbox 2058 4301 2162 4351; x_wconf 83' lang='lat' dir='ltr'><strong>lum</strong></span> <span class='ocrx_word' id='word_1_346' title='bbox 2187 4300 2513 4354; x_wconf 76' lang='lat' dir='ltr'><strong>dormitasse.</strong></span> <span class='ocrx_word' id='word_1_347' title='bbox 2552 4304 2700 4353; x_wconf 75' lang='lat' dir='ltr'><strong>Creu.</strong></span> 
     </span>
     <span class='ocr_line' id='line_1_44' title="bbox 1075 4363 1983 4428; baseline 0.002 -15"><span class='ocrx_word' id='word_1_348' title='bbox 1075 4366 1200 4421; x_wconf 73' lang='lat' dir='ltr'><strong>nius,</strong></span> <span class='ocrx_word' id='word_1_349' title='bbox 1220 4370 1266 4414; x_wconf 76' lang='lat' dir='ltr'><strong>et</strong></span> <span class='ocrx_word' id='word_1_350' title='bbox 1293 4365 1368 4413; x_wconf 61' lang='lat' dir='ltr'><strong>Ti.</strong></span> <span class='ocrx_word' id='word_1_351' title='bbox 1392 4363 1724 4428; x_wconf 71' lang='lat' dir='ltr'><strong>Sempronius]</strong></span> <span class='ocrx_word' id='word_1_352' title='bbox 1750 4364 1861 4415; x_wconf 82' lang='lat' dir='ltr'><strong>Hos</strong></span> <span class='ocrx_word' id='word_1_353' title='bbox 1881 4378 1983 4415; x_wconf 85' lang='lat' dir='ltr'><strong>non</strong></span> 
     </span>
    </p>
   </div>
  </div>
 </body>
</html>
