3300 5225
727 479 904 548 2⁰36
1664 495 1733 542 τ.
1768 493 1971 543 mvn

727 641 1037 708 momenti
1077 639 1332 726 aliquid
1375 639 1460 706 ad
1501 640 1881 719 consilium,
1910 639 2094 724 quod
2134 637 2798 721 Carthaginiensibus
2826 640 2928 705 ita

727 761 870 828 pax
909 743 1137 827 negari
1172 744 1414 827 possit,
1445 747 1520 808 ut
1557 759 1689 807 non
1716 743 1949 826 utique
1986 745 2052 808 in
2090 743 2450 826 praesentia
2478 740 2728 806 bellum
2770 761 2927 805 cum

729 846 831 910 eis
874 851 1168 928 geratur:
1215 863 1370 908 cum
1413 844 1745 909 Romanis
1788 845 2137 928 extemplo
2178 851 2297 909 aut
2334 863 2602 928 pacem,
2632 849 2751 908 aut
2788 843 2931 907 bel·

729 945 872 1012 lum
916 943 1400 1014 babendum.'¹¹¹
1487 945 1648 1026 Quo
1690 947 1916 1010 minus
1960 946 2353 1030 cupiditatis
2396 966 2479 1011 ac
2524 945 2733 1010 studii
2776 946 2932 1009 visa

729 1055 834 1114 est
875 1049 1088 1114 oratio
1133 1048 1405 1126 habere,
1443 1067 1526 1113 eo
1567 1047 1725 1132 plus
1770 1049 2185 1114 auctoritatis
2228 1049 2483 1114 habuit.
2568 1045 2931 1134 Adjectum

729 1155 832 1216 est
874 1151 1278 1234 praetoribus
1323 1169 1406 1214 ac
1450 1148 1735 1214 delectis
1774 1157 2154 1216 senatorum
2192 1151 2480 1215 militare
2520 1151 2721 1215 etiam
2764 1167 2933 1214 con·

729 1253 978 1319 silium.
1066 1253 1113 1320 J
1117 1254 1264 1319 ussi
1309 1261 1378 1318 et
1427 1252 1636 1318 duces
1686 1253 1991 1317 ordinum
2038 1253 2470 1338 praefectique
2516 1251 2932 1317 auxiliorum

733 1355 931 1419 simul
977 1353 1409 1428 consulere.¹⁸
1495 1353 1669 1418 Cum
1709 1373 1899 1438 saepo
1936 1359 2092 1420 acta
2129 1375 2233 1420 res
2276 1363 2457 1421 esset
2492 1355 2749 1438 magnis
2788 1373 2933 1418 cer·

729 1457 1218 1535 taminibus,¹⁹¹²
1258 1463 1624 1541 postremo,
1670 1457 1833 1540 quia
1878 1456 2041 1522 belli
2086 1476 2241 1520 cum
2286 1455 2615 1521 Romanis
2660 1455 2935 1538 gerendi

729 1561 903 1625 ratio
949 1561 1134 1624 nulla
1181 1561 1582 1644 apparebat,
1627 1576 1871 1642 pacem
1916 1557 2061 1622 fieri
2110 1559 2382 1643 placuit,
2424 1559 2733 1643 mittique
2776 1577 2934 1623 cum

732 1661 834 1727 eis
852 1668 949 1699 ²0⁰
977 1663 1229 1744 legatos
1257 1661 1346 1728 ad
1371 1679 1512 1726 rem
1539 1659 2095 1725 confirmandam.

817 1765 926 1829 29.
975 1764 1144 1828 Dies
1187 1764 1366 1830 baud
1409 1765 1509 1828 ita
1545 1763 1743 1827 multi
1786 1763 2343 1843 intercesserunt?
2384 1782 2539 1829 cum
2578 1783 2673 1830 ex
2712 1763 2937 1828 Iseon-

732 1866 888 1931 tinis
915 1866 1140 1951 legati,
1169 1863 1562 1950 proesidium
1589 1864 1839 1929 finibus
1868 1865 2013 1929 suis
2044 1876 2341 1945 orantes,
2370 1875 2724 1932 venerunt:
2772 1883 2935 1950 quae

731 1967 974 2050 legatio
1033 1974 1540 2053 peropportuna
1599 1967 1751 2031 visa
1808 1965 1897 2030 ad
1960 1967 2455 2034 multitudinem
2520 1969 2936 2033 inconditam

733 2087 816 2134 ac
857 2071 1338 2136 tumultuosam
1379 2069 1879 2135 exonerandam
1922 2068 2273 2153 ducesque
2310 2070 2461 2155 ejus
2491 2071 2936 2155 ablegandos.

731 2171 1190 2258 Hippocrates
1238 2179 1492 2256 praetor
1533 2171 1775 2237 ducere
1838 2192 1921 2236 eo
1962 2173 2337 2255 transfugas
2389 2172 2668 2256 jussus:
2716 2175 2939 2238 secuti

729 2274 924 2340 multi
967 2293 1058 2338 ex
1105 2275 1530 2340 mercenariis
1583 2275 1887 2353 auxiliis,
1938 2284 2231 2358 quatuor
2274 2275 2487 2343 millia
2532 2283 2935 2342 armatorum

730 2367 1101 2443 effecerunt.¹
1189 2376 1282 2442 Et
1309 2378 1729 2462 mittentibus
1757 2383 1823 2442 et
1850 2378 2078 2442 missis
2104 2397 2189 2443 ea
2215 2379 2375 2444 laeta
2405 2379 2757 2464 expeditio
2786 2379 2935 2444 fuit.

734 2479 915 2544 Nam
946 2477 1236 2560 et'illis,¹’
1264 2480 1452 2565 quod
1473 2481 1618 2566 ‚iam
1647 2480 1767 2545 diu
1794 2481 2179 2564 cupiebant,
2202 2481 2495 2546 novandi
2522 2501 2629 2546 res
2661 2482 2935 2546 occasio

733 2582 896 2647 data
923 2589 1063 2665 est3
1109 2586 1178 2649 et
1212 2583 1337 2663 his
1377 2584 1701 2650 sentinam
1741 2581 2083 2669 quandam
2122 2585 2311 2650 urbis
2350 2585 2477 2652 rati
2506 2583 2933 2661 exhaustam,

730 2684 1149 2753 laetabantur.
1237 2685 1546 2752 Ceterum
1585 2687 1984 2752 levaverunt
2021 2686 2227 2750 modo
2259 2687 2330 2751 in
2362 2688 2719 2771 praesentia
2744 2686 2937 2753 velut

733 2807 982 2873 corpus
1033 2808 1304 2873 aegrum,
1342 2809 1478 2875 quo
1521 2808 1685 2855 mox
1723 2788 1791 2853 in
1831 2788 2205 2873 graviorem
2243 2790 2551 2855 morbum
2586 2788 2933 2859 recideret.

1649 2986 1677 3009 0
1682 2988 1861 3010 omn
1864 2986 2019 3009 &0000

736 3128 797 3173 18
828 3122 844 3152 ‘
863 3122 1042 3174 Verba
1058 3122 1190 3185 juni
1207 3130 1257 3174 et
1273 3126 1416 3175 daces
1433 3124 1648 3175 ordinum
1668 3160 1683 3175 .
1702 3158 1717 3173 .
1734 3160 1749 3175 .
1768 3160 1783 3175 .
1803 3126 2039 3174 consulere
2061 3128 2184 3174 sunt
2204 3122 2342 3173 forte
2362 3122 2533 3187 glossa
2547 3124 2604 3169 et
2620 3119 2935 3184 interpreta-

735 3195 982 3250 mentum,
1017 3190 1435 3253 praecedentibns
1475 3192 1528 3239 iu
1567 3204 1732 3253 marg.
1769 3189 2091 3255 ascriptum?
2136 3188 2471 3253 liutpert—19
2519 3184 2704 3234 Mediis
2742 3190 2936 3235 certam.

734 3253 870 3305 Edd.
893 3263 1015 3303 ante
1038 3254 1400 3305 Gronov—20
1433 3256 1450 3285 ‘
1473 3256 1649 3306 Verba
1670 3271 1777 3305 cnon
1796 3256 1869 3306 eis
1888 3262 2011 3321 post
2038 3254 2221 3320 placuit
2254 3262 2347 3303 aut
2366 3266 2466 3302 rem
2486 3250 2732 3315 ponenda
2754 3250 2939 3315 videri,

722 3320 834 3382 jam
857 3319 946 3369 alii
967 3318 1248 3369 monuere.'
1279 3319 1488 3384 Rupert-

1725 3451 1941 3503 NOTAE

796 3554 833 3579 ⁸·
869 3546 990 3595 Cum
1011 3546 1243 3597 Romani·
1261 3550 1494 3613 extenplo
1513 3554 1598 3600 aut
1615 3564 1798 3615 pacem,
1868 3549 2125 3610 rantinmg
2156 3562 2273 3612 quo
2313 3544 2621 3609 effecerunt,
2650 3548 2710 3594 ut
2740 3542 2937 3608 sepius

731 3630 814 3675 aut
837 3624 1008 3675 bellum
1023 3624 1308 3689 habendum]
1340 3626 1570 3676 Romam
1601 3628 1799 3691 quippe
1869 3624 2257 3677 deliberandum
2282 3620 2461 3672 fuerit.

733 3701 914 3753 clauis
927 3700 1042 3764 jam
1065 3701 1117 3749 iu
1151 3708 1304 3764 portu
1331 3702 1675 3765 Syracusano,
1696 3718 1799 3768 quo
1931 3710 1956 3736 ⁰
1976 3702 2211 3764 mittique
2228 3712 2335 3749 cm
2356 3694 2450 3758 eis]
2481 3696 2605 3746 Nou
2628 3696 2763 3745 male
2785 3694 2940 3745 Glar.

735 3776 961 3826 adducta
979 3775 1048 3826 ab
1072 3774 1173 3837 Ap.
1195 3776 1410 3825 Claudio
1429 3792 1446 3838 ς
1467 3786 1524 3827 et
1543 3779 1596 3827 in
1619 3779 1801 3829 Sicilia
1868 3778 2132 3842 intelligit,
2172 3790 2289 3827 cum
2346 3772 2591 3824 Romanis
2644 3770 2853 3835 legatis,
2906 3786 2942 3821 a

733 3867 851 3902 curn
908 3850 1238 3901 terrestribus
1299 3852 1463 3915 copiis
1519 3852 1801 3904 Mon-cenna
1873 3854 2127 3905 Marcello
2168 3850 2355 3913 minin,
2394 3848 2675 3899 mittendos
2717 3846 2784 3897 ad
2816 3860 2940 3897 eum

735 3935 872 3978 erat.
951 3926 1451 3989 Carthaginiensium
1473 3942 1596 3978 vero
1619 3930 1800 3981 clunis
1870 3934 2073 3997 legatos
2097 3946 2127 3981 ι
2144 3928 2496 3993 Syracusanis.

733 4003 902 4053 adbuc
927 4003 1105 4067 procul
1127 4002 1250 4053 indo
1270 4002 1335 4053 ad
1360 4004 1682 4069 Pachynum.
1934 4018 1962 4053 Ρ
1997 4010 2128 4059 Nam
2149 4014 2197 4057 et
2216 4004 2341 4067 illis]
2372 4003 2572 4066 Missis,
2594 4014 2781 4066 nempe
2802 4000 2941 4065 Hip-

795 4089 820 4115 ¹¹
857 4079 1058 4143 Magnis
1089 4078 1450 4143 certaminibus]
1495 4080 1602 4144 Ita,
1645 4082 1793 4147 quasi
1872 4084 2099 4151 poet-ati,
2149 4078 2436 4143 transfugi·
2482 4086 2541 4129 et
2585 4076 2941 4139 mercenariis,

737 4171 804 4207 ex
825 4156 950 4206 Pur.
971 4154 1062 4206 ubi
1083 4156 1264 4205 Meni:
1293 4158 1644 4221 munninio-s,
1668 4160 1803 4210 Gro-
1871 4162 1961 4228 qni
1984 4160 2163 4211 Poenis
2186 4156 2485 4207 studebant.

735 4249 857 4285 nov.
899 4232 1124 4297 scripsit,
1203 4233 1422 4297 Legitur
1457 4236 1627 4298 vulgo,
1663 4235 1801 4289 forte
1934 4248 1961 4283 «a
1994 4240 2063 4288 Et
2084 4236 2160 4300 hi]
2194 4234 2491 4288 Mittentes.
2528 4228 2766 4280 nimirum
2796 4229 2939 4293 prin·

737 4324 842 4359 non
863 4310 1072 4359 omnino
1093 4308 1248 4372 male,
1263 4310 1434 4359 mediis
1447 4313 1803 4367 certaminibus.
1871 4316 2017 4380 cipe·
2038 4314 2494 4379 Syracusanorum,
2526 4306 2614 4371 qui
2645 4306 2713 4356 ad
2748 4306 2941 4357 Roma·

735 4386 832 4436 Est
852 4384 988 4436 enim
1008 4384 1138 4435 inter
1155 4384 1310 4435 nodia
1327 4386 1586 4437 certamina
1602 4387 1801 4441 delibe-
1870 4404 2053 4443 norum
2076 4394 2251 4454 parte·
2272 4382 2437 4449 magis
2456 4376 2745 4449 propensi-'⁸
