3300 5225
655 64 830 132 2048

655 232 901 304 essent,
951 223 1242 309 graviter
1289 224 1363 289 in
1409 224 1669 291 bostem
1712 224 2104 293 inciderent.
2193 226 2451 293 Eadem
2500 248 2717 294 causa
2760 228 2857 294 ad

659 327 1074 394 subeundum
1121 326 1400 393 arduum
1438 326 1699 393 aditum
1740 328 2251 413 instabilemque
2277 331 2649 414 ingressum
2682 352 2859 415 prse-

657 430 884 496 bebat.
971 430 1102 510 lta,
1143 430 1426 497 consilio
1467 429 1719 511 habito,
1768 450 1921 497 cum
1966 433 2185 497 omnis
2228 440 2511 498 conatus
2557 433 2857 499 ludibrio

659 540 863 613 esset,
895 534 1223 599 absistere
1251 533 1785 617 oppugnatione,
1815 538 2019 617 atque
2050 534 2427 599 obsidendo
2462 540 2722 600 tantum
2746 554 2861 611 ‚ar-

659 656 806 701 cere
837 646 1012 702 terra
1041 634 1338 721 marique
1365 637 1848 701 commeatibus
1873 637 2129 702 hostem
2158 636 2435 721 placuit.

743 740 855 805 35.
899 738 1179 805 Interim
1231 738 1629 817 Marcellus,
1674 758 1827 803 cum
1870 740 2069 805 tertia
2108 738 2245 803 fere
2290 745 2477 823 parte
2521 742 2863 809 exercitus

661 841 750 907 ad
807 840 1236 931 recipiendas
1281 840 1484 906 nrbes
1535 841 1899 925 profectus,
1948 860 2104 925 quae
2154 842 2223 905 in
2272 846 2458 907 motu
2506 860 2725 908 rerum
2770 846 2861 912 ad

661 944 1235 1028 Carthaginienses
1280 943 1682 1023 defecerant,
1714 942 2041 1008 Helorum
2066 949 2088 989 ²
2110 950 2140 989 r
2182 948 2383 1026 atque
2414 942 2861 1029 Her-bessum,

661 1047 1057 1113 dedentibus
1115 1046 1313 1130 ipsis,
1373 1046 1671 1129 recipit-⁴
1758 1044 2041 1127 Megara
2098 1046 2165 1109 vi
2220 1054 2471 1131 capta⁵
2522 1048 2731 1114 diruit
2776 1070 2861 1116 ac

664 1152 940 1236 diripuit
991 1148 1078 1215 ad
1135 1148 1570 1233 reliquorum,
1621 1166 1705 1213 ac
1756 1148 2051 1211 maxime
2094 1148 2686 1231 Syracusanorum,
2734 1156 2861 1216 ter-

661 1275 900 1322 rorem.
1015 1254 1145 1319 Per
1189 1250 1364 1316 idem
1414 1248 1554 1314 fere
1602 1256 1869 1332 tempus
1911 1255 1978 1313 et
2020 1248 2350 1328 Himilco,
2401 1252 2519 1335 qni
2576 1252 2665 1317 ad
2722 1252 2861 1321 Pa-

665 1360 866 1446 chyni
939 1355 1456 1441 promontorium
1477 1360 1502 1389 ¹¹
1567 1354 1859 1418 classem
1931 1352 2051 1417 diu
2124 1358 2449 1430 tenuerat,
2492 1354 2581 1420 ad
2637 1356 2861 1423 Hera·

663 1463 928 1535 oleam:
978 1477 1184 1543 quam
1229 1462 1484 1522 vocant
1545 1454 1871 1533 Minoam,
1914 1454 2211 1539 quinque
2256 1461 2323 1521 et
2366 1458 2599 1538 viginti
2648 1459 2865 1525 millia

663 1564 983 1650 peditum,
1014 1564 1140 1627 tria
1167 1560 1492 1647 equitum,
1522 1558 1877 1623 duodecim
1908 1558 2301 1642 elephantos
2338 1560 2700 1642 exposuit;
2744 1582 2864 1627 ne-

665 1686 1006 1753 quaquam
1053 1683 1206 1729 cum
1256 1662 1526 1748 quantis
1565 1658 1877 1745 copiisst
1925 1668 2077 1725 ante
2124 1667 2423 1724 tenuerat
2462 1660 2551 1725 ad
2596 1662 2862 1751 Pachy-

663 1790 816 1835 num
867 1768 1174 1835 classem.
1279 1765 1416 1831 Sed
1461 1771 1829 1851 postquam
1888 1764 1977 1829 ab
2021 1762 2448 1847 Hippocrate
2498 1778 2865 1851 occupatas

1597 82 1667 129 Τ.
1714 82 1902 133 [alvu

1587 1894 1947 1919 ‘meoeoeee

729 1989 762 2035 ⁸
799 1982 883 2035 Al.
917 1982 1258 2034 Pelorum—4
1291 1978 1375 2031 ΑΙ.
1405 1980 1683 2032 mattha
1706 1978 1826 2044 ipsis
1852 1979 2138 2043 recepit-d
2172 1979 2425 2043 Mem-nn
2444 1980 2495 2029 vi
2514 1986 2703 2045 enpu-
2722 1982 2865 2033 Etid-

1651 2106 1877 2158 ⁸01·AE

668 2206 785 2243 cnm
810 2191 968 2255 vulgo
989 2202 1264 2255 perperam
1293 2189 1518 2255 legatur,
1549 2187 1725 2237 οιιιιίι-
1868 2194 1893 2223 ⁸
1924 2188 2005 2237 Ad
2036 2188 2339 2254 Herodem]
2370 2190 2653 2255 Heraclea,
2674 2204 2869 2253 eogno-

667 2284 756 2334 qae
774 2268 850 2317 nis
871 2272 944 2318 est
962 2280 1144 2317 wasa.
1804 2263 1941 2313 mine
1954 2265 2152 2329 Minoa,
2168 2266 2221 2315 in
2240 2267 2402 2316 latere
2425 2267 2633 2317 australi
2652 2268 2869 2331 Sicilia,

734 2351 760 2388 r
790 2342 1049 2407 Helorum]
1097 2341 1187 2392 Sic
1225 2338 1520 2391 emendavit
1558 2338 1725 2393 Gron.
1804 2341 1977 2391 medio
1998 2339 2109 2391 fere
2140 2342 2331 2392 itinere
2354 2342 2491 2393 inter
2519 2343 2869 2408 Agrigentum

667 2434 784 2471 cum
810 2427 968 2469 autea
1001 2424 1142 2468 esset
1164 2418 1410 2479 Pelorum,
1431 2415 1573 2482 quod
1607 2430 1725 2480 pro-
1806 2424 1861 2467 et
1890 2416 2233 2481 Selinuntem,
2256 2420 2469 2469 Macar-a
2502 2420 2649 2470 initio
2688 2419 2835 2470 clieta
2852 2437 2867 2467 z

670 2496 914 2547 montorii
937 2508 1124 2545 nomen
1146 2500 1243 2551 est,
1263 2506 1366 2543 nou
1391 2492 1554 2553 urbis,
1577 2492 1729 2543 Helo·
1808 2500 1994 2557 postea
2025 2507 2058 2542 a
2080 2494 2277 2558 Minoe,
2308 2495 2483 2546 Creta
2516 2496 2699 2546 insule
2724 2510 2875 2559 rege,

667 2588 776 2624 raas
796 2578 970 2624 autem
992 2570 1236 2636 oppidum
1259 2577 1317 2622 et
1337 2569 1604 2620 castellnm
1626 2566 1731 2620 fuit

603 2686 618 2693 -
670 2651 740 2702 ad
763 2651 952 2702 ostin-
977 2648 1198 2699 fluminis
1229 2647 1416 2698 Helori
1437 2645 1534 2697 sub
1556 2645 1731 2697 Neeto

669 2727 826 2792 paulo
841 2738 999 2791 supra
1015 2724 1313 2788 Pachynum
1329 2723 1732 2786 promontorium

670 2802 740 2852 ad
763 2803 895 2852 latus
917 2799 1171 2850 orientale
1187 2798 1410 2850 Sicilia:
1438 2811 1616 2862 agrum
1641 2798 1731 2848 ba·

671 2877 790 2928 buit
843 2875 1276 2926 amoenissimnm:
1331 2871 1470 2924 nude
1511 2873 1734 2925 Ovidius

671 2969 752 3006 iv.
775 2955 914 3004 Fast.
949 2953 967 2982 ⁸
989 2953 1206 3004 Heloria
1227 2953 1424 3018 Tempe
1439 2951 1454 2976 '
1477 2955 1731 3018 appellat.

671 3033 737 3084 Iu
761 3033 923 3083 ruinis
945 3031 1098 3082 bodie
1109 3031 1254 3096 jacet
1279 3031 1330 3080 in
1353 3030 1489 3081 valle
1511 3031 1661 3094 Noti,
1679 3038 1735 3081 et

669 3126 766 3162 ora
785 3125 904 3176 qua!
925 3109 1138 3173 Bouphia
1159 3108 1372 3171 dicitnr,
1395 3115 1608 3159 anctore
1634 3109 1731 3158 Fa-

549 3207 560 3220 ·
673 3187 828 3245 zello,
843 3201 908 3238 eo
932 3186 1031 3236 loci
1053 3185 1144 3234 ubi
1167 3200 1304 3235 nune
1329 3185 1468 3236 Man·
1490 3186 1610 3236 Ueri
1631 3187 1733 3236 Ro·

673 3265 807 3322 nari:
841 3271 898 3312 et
924 3263 1128 3311 Colisaeo
1160 3261 1226 3310 sd
1251 3262 1304 3312 S.
1326 3262 1650 3326 Philippum,
1674 3269 1733 3312 ut

675 3348 860 3392 eontra
897 3339 1158 3389 Faaellnm
1189 3339 1400 3389 Cluver.
1439 3339 1640 3404 colligit
1665 3355 1733 3389 ex

671 3419 833 3482 ipsius
879 3415 1248 3480 descriptione.
1313 3415 1526 3466 Fluvius
1582 3416 1735 3468 Abiu

673 3507 812 3544 nune
832 3499 1066 3543 vocatur.

742 3580 765 3606 ⁸
792 3571 873 3621 Ad
896 3569 1115 3634 Pachyni·
1145 3567 1540 3633 promta-ima]
1573 3571 1619 3621 Ε
1641 3570 1735 3621 tri.

676 3647 773 3698 bns
793 3645 983 3696 Sicilia
1005 3643 1390 3707 promontoriis,
1412 3645 1548 3710 quod
1575 3647 1628 3695 in
1651 3661 1735 3696 or-

677 3732 788 3773 tum
825 3721 1046 3770 maxime
1082 3721 1361 3782 procurrit,
1384 3728 1542 3786 atque
1563 3723 1735 3773 orien-

678 3799 784 3848 tale
827 3797 1004 3847 insnlzn
1052 3796 1188 3845 latus
1237 3810 1352 3844 cnm
1411 3797 1735 3849 meridionali

677 3871 1284 3938 conjungit,Pseltyunm
1307 3869 1446 3936 olim,
1467 3886 1603 3926 nunc
1626 3874 1734 3924 vnl-

681 3963 746 4014 go
771 3949 902 4014 Cape
923 3947 1155 4000 Parnm.

1808 2583 1998 2619 nomen
2029 2570 2257 2635 accepit,
2289 2572 2378 2638 qui
2414 2570 2691 2622 Daedalum
2723 2586 2873 2638 que-

1811 2660 1930 2696 rens
1960 2661 2021 2696 ea
2060 2649 2255 2711 potitus
2292 2656 2408 2710 est;
2440 2648 2615 2713 ibique
2652 2645 2873 2708 occisus.

1812 2723 2091 2773 Cretenses
2126 2725 2337 2776 colonos
2374 2727 2619 2792 reliquitz
2658 2727 2871 2780 tande·

1814 2799 2085 2850 Heraclea·
2106 2815 2293 2852 nomen
2329 2805 2395 2874 ab
2424 2803 2657 2854 Hercule
2680 2806 2874 2856 sortita

1812 2887 1914 2941 est,
1934 2877 2021 2941 qui
2047 2877 2267 2940 Erycem
2296 2881 2519 2944 regionis
2541 2881 2657 2944 ejus
2692 2897 2873 2946 rege-

1811 2953 1968 3004 luctae
2004 2955 2289 3006 certamine
2318 2957 2511 3007 victum
2546 2961 2875 3022 possessione

1814 3031 1959 3094 regni
1990 3033 2135 3082 exuit
2160 3047 2224 3080 ex
2255 3047 2443 3097 pugna
2478 3034 2635 3098 lege3
2670 3037 2727 3086 in
2754 3051 2875 3088 eam

1812 3105 2003 3157 deinde
2032 3107 2273 3174 Doricus,
2300 3111 2591 3160 Cleomenis
2624 3112 2875 3163 Incede-

1810 3197 2017 3233 monum
2044 3185 2177 3250 regis
2196 3183 2381 3245 frater,
2395 3193 2635 3251 tanquam
2651 3202 2718 3238 ex
2734 3189 2877 3240 Her·

1813 3262 1931 3310 eule
1964 3269 2129 3323 ortus,
2161 3263 2415 3312 coloniam
2448 3262 2690 3326 deduxit,
2711 3275 2771 3316 nt
2792 3275 2879 3318 est

1814 3336 1953 3401 apud
2003 3337 2345 3390 Herodotum.
2410 3337 2495 3390 Aa
2540 3340 2745 3405 Lycum
2779 3357 2877 3396 sen

1813 3415 1983 3476 potius
2002 3413 2243 3464 Halicum
2258 3413 2469 3465 fluvium
2482 3416 2581 3468 sita
2598 3416 2719 3475 fnit.
2734 3434 2879 3471 nnne

1812 3489 1969 3552 vulgo
1991 3489 2192 3539 Platani
2204 3507 2225 3550 ,-
2257 3491 2343 3556 qni
2358 3491 2805 3556 Syracusanorum
2820 3505 2882 3548 et

1816 3566 2315 3630 Carthaginiensium
2358 3569 2571 3620 ditionis
2619 3575 2877 3625 terminus

1816 3639 1913 3691 suit
1945 3648 2181 3706 tempore
2224 3644 2574 3708 Timoleontis,
2612 3649 2881 3705 Heraclea

1818 3727 2019 3768 tantum
2058 3722 2197 3769 nltra
2232 3717 2445 3772 flurium
2482 3737 2643 3786 penes
2678 3726 2879 3780 honre·

1816 3803 2076 3847 manente.
2126 3797 2301 3847 Hodie
2336 3798 2389 3848 in
2428 3799 2697 3851 ruderibus
2726 3804 2881 3868 jacet

1814 3873 1865 3921 in
1890 3871 2021 3920 valle
2046 3872 2276 3924 Mauro.

1880 3948 1905 3984 δ
1938 3949 2247 4016 Nequaquam
2266 3967 2372 4002 cam
2391 3954 2583 4017 quantis
2600 3957 2774 4023 copiis]
2790 3959 2883 4012 lta

2173 4830 3265 5225 ’-
