3300 5225
1016 548 1163 597 mn.
1210 549 1421 597 xxu.
1463 548 1629 598 cau.
1672 532 1781 600 28.
2323 531 2494 599 1819

296 711 741 781 quaecumque
788 692 1125 758 temeritas
1161 693 1439 775 collegae
1482 690 1864 757 habuisset!
1946 690 2098 757 Sibi
2130 690 2494 759 communi·

296 804 527 861 catum
567 814 717 858 cum
758 793 903 871 illo,
948 815 1084 861 non
1126 796 1538 871 ademtam,¹¹
1584 794 1936 878 imperium
1987 812 2162 859 esse.
2251 792 2496 877 Itaque

298 916 761 980 senunquam
806 898 1149 963 volentem
1194 902 1409 983 parte,
1458 914 1599 981 qua
1642 902 1900 980 posset,
1943 916 2164 961 rerum
2211 895 2498 959 consilio

296 999 727 1083 gerendarum
779 1010 1212 1065 cessurumz'·
1258 1018 1387 1064 nec
1438 1017 1516 1063 se
1560 1002 1870 1081 tempora
1905 1006 2028 1062 aut
2055 997 2204 1063 dies
2231 997 2496 1081 imperii

295 1122 445 1166 cum
478 1120 589 1179 ee,
620 1102 960 1167 exercitus
980 1108 1033 1141 ¹²
1064 1100 1456 1176 divisurum,
1502 1100 1776 1183 suisque
1804 1100 2126 1179 consiliis,
2173 1100 2490 1183 quoniam

297 1205 519 1269 omnia
560 1224 697 1269 non
734 1202 987 1281 liceret,
1028 1224 1181 1287 quoe
1212 1208 1467 1288 posset,
1494 1204 1954 1269 servaturum?
2041 1204 2154 1269 Ita
2180 1202 2497 1277 obtinuit,

294 1307 393 1370 nti
436 1306 814 1389 legioneS‚¹³
858 1308 1039 1371 sicut
1080 1308 1471 1372 consulibus
1510 1328 1658 1371 mos
1701 1314 1910 1386 esset,
1941 1306 2108 1373 inter
2137 1326 2212 1371 se
2242 1304 2496 1369 divide÷

298 1415 457 1474 rent.
550 1408 777 1474 Prima
806 1418 873 1475 et
920 1417 1157 1494 quarta
1188 1408 1557 1487 Minucio?
1588 1409 1890 1475 secunda
1933 1416 2006 1475 et
2047 1410 2241 1475 tertia
2277 1406 2497 1473 Fabio

294 1522 677 1603 evenerunt.
744 1512 915 1577 Item
945 1513 1211 1595 equites
1241 1513 1396 1596 pari,
1422 1531 1720 1591 numero,
1749 1513 2142 1597 sociumque
2173 1518 2242 1576 et
2271 1508 2500 1575 Latini

292 1614 585 1680 nominis
614 1615 871 1681 auxilia
900 1616 1301 1680 diviserunt:
1346 1616 1593 1680 castris
1626 1634 1704 1681 se
1732 1634 2006 1699 quoque
2035 1614 2328 1700 separari
2357 1632 2500 1678 ma-

294 1716 501 1798 gister
530 1718 831 1803 equitum
862 1718 1095 1783 voluit.

375 1816 487 1884 28.
534 1820 813 1904 Duplex
850 1820 1009 1885 inde
1040 1819 1415 1885 Hannibali
1460 1818 1780 1903 gaudium
1817 1818 1980 1901 fuit3
2022 1816 2276 1903 (neque
2317 1818 2497 1884 enim

296 1920 657 2007 quiccstam
688 1943 939 2002 eorum,
970 1943 1125 2007 quai
1170 1922 1351 2006 apud
1400 1921 1629 1987 hostes
1673 1928 2096 2005 agerentur,¹4
2121 1940 2274 1987 enm
2303 1921 2498 1989 falle·

296 2024 437 2102 bat,
468 2034 539 2091 et
566 2026 865 2109 perfugis
894 2026 1109 2091 multa
1144 2024 1625 2103 indicantibus,
1666 2032 1737 2090 et
1777 2044 1900 2109 per
1939 2044 2100 2090 snos
2141 2025 2498 2109 exploran-

291 2131 420 2192 tem
440 2125 499 2212 ς)
536 2148 688 2193 nam
706 2134 773 2194 et
792 2128 1069 2198 liberam
1090 2127 1381 2193 Minucii
1402 2128 1842 2194 temeritatem
1866 2146 1944 2193 se
1965 2146 2091 2193 suo
2107 2126 2312 2194 modo
2331 2147 2498 2211 cap·

290 2234 611 2308 tatarum,
667 2239 740 2296 et
790 2231 1085 2299 solertim
1154 2228 1349 2295 Fabii
1407 2229 1760 2295 dimidium
1816 2230 2046 2295 virium
2095 2230 2498 2296 decessisse.

288 2330 625 2397 Tumulus
674 2341 820 2398 erat
868 2333 1041 2399 inter
1086 2338 1316 2397 castra
1362 2330 1647 2398 Minucii
1696 2329 2220 2415 Poenorumque.
2319 2330 2498 2399 Eum

290 2434 407 2517 qni
438 2442 921 2519 occupasset‚¹⁵
961 2433 1141 2500 haud
1186 2434 1391 2499 dubie
1435 2433 1835 2517 iniquiorem
1875 2444 2020 2499 erat
2060 2432 2238 2499 hosti
2267 2433 2496 2499 locum

290 2534 619 2601 facturus.
726 2537 901 2602 Eum
950 2556 1087 2602 non
1138 2544 1279 2602 tam
1330 2556 1575 2623 capere
1616 2538 1761 2603 sine
1809 2536 2172 2602 certamine
2220 2536 2496 2601 volebat

289 2637 658 2713 Hannibal,
675 2638 1093 2726 (quanquam
1114 2641 1187 2705 id
1210 2659 1437 2725 operae
1460 2641 1748 2725 pretium
1771 2637 1968 2725 erat,)
1988 2659 2192 2726 quam
2213 2659 2494 2705 causam

290 2745 674 2807 certaminis
702 2742 1217 2830 cum-Minucio,
1250 2762 1454 2826 quem
1488 2761 1755 2828 semper
1786 2761 2219 2807 occursurum
2253 2740 2338 2806 ad
2373 2743 2491 2805 ob-

291 2837 665 2909 sistendum
702 2845 867 2910 satis
908 2844 1191 2923 sciebat,
1238 2844 1649 2911 contrahere.
1739 2845 1925 2928 Ager
1973 2846 2190 2910 omnis
2230 2845 2492 2910 medius

289 2951 432 3012 erat
460 2949 682 3032 prima
711 2948 945 3032 specie
969 2946 1227 3022 inutilis
1256 2947 1657 3027 insidiatori,
1679 2950 1840 3033 qnia
1859 2968 1989 3014 non
2011 2947 2211 3012 modo
2235 2948 2495 3032 sylves·

290 3057 387 3112 tre
415 3050 807 3135 quicquam,
857 3049 980 3116 sed
1018 3070 1101 3116 ne
1146 3052 1466 3135 vepribus
1505 3050 1773 3135 quidem
1818 3053 2139 3116 vestitum
2169 3051 2492 3116 habebat:

290 3171 359 3216 re
388 3154 547 3237 ipsa
575 3159 778 3220 natus
818 3153 1127 3237 tegendis
1148 3151 1203 3194 ¹⁶
1234 3153 1517 3231 insidiis,
1571 3171 1653 3218 eo
1694 3154 1908 3236 magis
1960 3153 2146 3238 quod
2193 3153 2266 3218 in
2311 3151 2494 3216 nuda

292 3257 465 3322 valle
494 3257 685 3322 nulla
712 3257 873 3322 talis
903 3257 1087 3323 fraus
1120 3256 1337 3322 timeri
1359 3259 1649 3346 poterat.
1737 3255 1829 3321 Et
1853 3262 2039 3321 erant
2075 3257 2147 3322 in
2177 3255 2492 3322 anfracti-

352 3454 368 3488 ⁸
401 3457 525 3508 Fere
544 3457 671 3507 enim
691 3459 744 3506 st
764 3470 907 3519 peaes
914 3455 1171 3518 fortunam
1191 3458 1364 3516 ment,
1384 3453 1443 3504 ab
1464 3467 1614 3519 eaque
1628 3454 1912 3520 penderem,
1925 3456 2083 3504 onnia
2103 3469 2400 3521 quacumque
2417 3461 2491 3506 ee-

290 3523 523 3571 mmrr'un
540 3523 722 3584 collega
743 3521 795 3570 in
815 3525 1050 3585 potestate
1070 3521 1321 3570 habiturus
1340 3523 1480 3571 emt.

290 3587 947 3715 ςᾶωῗιῖκᾞκῖἑᾞοιω
974 3585 1362 3636 mentiatur-m
1390 3583 1526 3649 pen-ti
1546 3598 1708 3635 rerum
1723 3585 1982 3650 prudenter
2005 3584 2319 3636 saudauma·
2321 3585 2491 3636 danus

1204 3728 1294 3750 000
1298 3725 1573 3750 ΝΟΜ

290 3827 571 3892 temporibus
589 3827 900 3879 ‹illenim—l
913 3831 938 3878 l
974 3825 1059 3878 Al.
1080 3830 1163 3879 red
1181 3843 1278 3878 non
1300 3829 1689 3879 ademtam—12
1723 3827 1864 3879 Ante
1885 3827 2125 3880 exercitu·
2147 3827 2285 3878 Edd.
2309 3841 2488 3880 omnes

290 3906 449 3958 arque
472 3892 539 3942 ad
564 3894 735 3971 prak.
760 3894 990 3971 inserunt
1006 3895 1107 3957 ted,
1128 3893 1265 3960 quod
1282 3894 1584 3960 aplerisqne
1608 3891 1738 3945 Mus.
1764 3894 1934 3946 abest.
1998 3893 2116 3945 Vid.
2141 3894 2272 3944 Not.
2293 3894 2488 3943 Ver.—

291 3957 791 4076 ulyvfflsmugddoe
808 3960 1039 4089 fiam
1052 4023 1487 4088 geremarum-1⁵
1520 4024 1645 4076 vet.
1677 4023 1768 4076 lib.
1797 4022 1936 4090 apud
1967 4021 2147 4088 Sigon.
2180 4022 2412 4088 Minucii,
2441 4028 2490 4073 et

1284 4169 1501 4222 1401·AE

348 4281 387 4308 ¹¹
419 4273 593 4324 Prima
626 4277 678 4323 et
712 4277 881 4337 qum-ta
906 4269 1143 4332 Minucio]
1176 4269 1345 4320 Paulo
1425 4269 1540 4332 dit3
1564 4265 1798 4321 Minucio
1819 4261 1993 4319 antem
2013 4265 2288 4317 secundam
2307 4273 2360 4316 et
2379 4271 2487 4316 ter-

294 4349 437 4401 aliter
491 4350 825 4415 Plutarchus,
882 4350 969 4414 qni
1027 4350 1243 4416 primam
1288 4356 1345 4399 et
1426 4349 1571 4398 tiam.

292 4434 517 4490 quartam
542 4427 771 4493 legionen
793 4427 1025 4478 evenisse
1050 4427 1215 4478 Fabio
1240 4435 1342 4477 tra-
