3300 5225
897 524 1102 577 unm
1152 524 1296 575 xx.
1341 523 1981 575 surrnsunwrun.
2366 506 2540 574 1633

320 673 547 757 pellata
585 680 697 745 est,
727 672 788 731 in
827 671 956 732 sinu
997 672 1172 733 maris
1198 674 1392 753 juxta
1425 678 1657 752 portum
1699 668 2113 751 amplissimum
2154 676 2216 729 et
2259 666 2366 716 HV·
2388 682 2540 717 1¹„-

319 772 464 832 satis
515 770 888 831 commodum
933 769 1188 829 condita.
1271 766 1393 829 Sed
1445 767 1681 849 propior
1723 787 1761 825 a
1798 765 1999 826 Gallis
2028 774 2217 827 metus
2238 736 2415 863 ἔξω,

320 867 528 927 durius
551 867 793 947 aliquod
815 878 1020 929 contra
1045 867 1266 927 Poenos
1288 864 1598 926 consilium
1624 864 1769 924 inire
1793 864 2015 923 vetuit:
2058 862 2216 943 quod

319 964 616 1045 reliquum
655 974 804 1037 erat,
829 965 1142 1025 foederibus
1163 962 1466 1044 pactisque
1491 980 1724 1021 cursum
1748 960 1995 1020 fortunae
2019 979 2219 1019 eorum

320 1062 527 1121 sistere
575 1060 940 1122 studuerunt.
1050 1060 1284 1139 Legatis
1337 1079 1475 1137 ergo
1528 1057 1949 1137 Carthaginem
1997 1055 2223 1128 missis,¹
2277 1082 2493 1148 Appm,

323 1158 578 1239 aliisque
615 1156 692 1217 ad
736 1157 1200 1229 Hasdrubalem,
1237 1156 1606 1237 pepigerunt,
1635 1164 1653 1191 ‘
1683 1164 1751 1215 ut
1783 1163 1943 1214 trans
1978 1152 2219 1213 Iberum
2242 1147 2368 1197 Iber.

323 1274 560 1315 amnem
602 1274 666 1314 se
705 1256 1068 1315 continerent
1106 1252 1304 1324 Poeni,
1332 1251 1673 1331 Saguntinis
1714 1270 1833 1311 suae
1859 1249 2017 1329 leges
2046 1260 2109 1310 et
2146 1250 2219 1309 li-
2241 1213 2466 1329 ἶφῗὲζδη
2483 1280 2535 1325 6.

321 1353 528 1411 bertas
566 1353 931 1412 servaretur?
1015 1350 1174 1411 Haec
1215 1349 1275 1408 in
1315 1368 1532 1409 annum
1571 1348 1923 1418 inciderunt,
1958 1368 2075 1427 quo
2113 1346 2219 1429 Sp.

327 1448 628 1509 Carvilius
665 1448 772 1530 Sp.
817 1449 887 1509 F.
917 1448 992 1510 C.
1022 1446 1142 1508 N.⁹
1188 1446 1516 1518 MaximuS,
1544 1446 1627 1512 Q.
1656 1445 1883 1505 Fabius
1924 1445 2008 1511 Q.
2038 1444 2109 1505 F.
2137 1445 2220 1511 Q.

325 1544 425 1605 N.
453 1545 762 1605 Maximus
786 1545 1170 1616 Verrucosus,
1194 1552 1433 1624 uterque
1457 1544 1689 1615 iterum,
1710 1542 1978 1602 consules
2001 1541 2224 1602 fueress'·

413 1649 514 1703 32.
557 1642 686 1703 Sub
717 1642 872 1705 idem
906 1651 1134 1724 tempus
1159 1640 1228 1701 L.
1259 1640 1604 1701 Postumius
1627 1638 1995 1721 proconsule,
2020 1640 2123 1720 qui
2163 1641 2223 1699 in
2277 1654 2454 1722 Polyb.
2489 1670 2553 1707 n.

328 1738 585 1820 Illyrico
626 1741 1075 1820 hybernaverat‚
1101 1738 1328 1817 legatos
1367 1737 1444 1798 ad
1471 1737 1805 1798 AEtolorum
1838 1736 2224 1797 Achaeorum·
2250 1726 2331 1774 ¹²·

327 1857 451 1916 que
491 1836 744 1917 populos
783 1835 1048 1916 Corcyra
1072 1836 1250 1907 misit,
1278 1834 1357 1894 ad
1381 1833 1795 1917 exponendum
1821 1834 1905 1893 rei
1930 1842 2109 1912 gestae
2137 1855 2227 1894 or-

325 1934 554 2005 dinem,
581 1934 796 2013 qnibus
819 1934 1008 1994 causis
1030 1932 1256 1992 bellum
1282 1932 1440 1993 istud
1462 1940 1819 2013 susceptum,
1845 1950 1965 2011 qua
1999 1930 2231 1993 fortuna

329 2037 586 2108 gestum,
613 2030 940 2111 quibusque
983 2029 1412 2090 conditionibus
1451 2028 1683 2089 finitum
1716 2036 1885 2089 esset.
1970 2027 2233 2088 Comiter

327 2128 576 2207 excepti
617 2126 986 2207 studioseque
1028 2125 1212 2186 auditi
1244 2135 1400 2199 sunt,
1444 2125 1604 2206 quod
1645 2145 1735 2185 eae
1772 2124 2035 2185 nationes
2074 2134 2231 2185 cete-

329 2223 502 2302 rique
556 2221 756 2284 Graeci
807 2224 1177 2285 vehementer
1229 2242 1470 2283 exosum
1531 2222 1831 2282 habebant
1894 2220 2233 2301 Illyriorum

331 2338 576 2392 nomen,
622 2320 702 2379 ob
751 2322 1029 2381 continua
1079 2319 1406 2393 latrocinia,
1454 2340 1588 2399 quae
1635 2320 1743 2379 sub
1790 2317 2033 2398 Agrone
2077 2318 2235 2377 Teu-

331 2425 520 2497 taque
563 2426 961 2479 exercuerant.
1046 2416 1209 2477 Haec
1248 2418 1350 2477 ubi
1385 2417 1623 2478 domum
1658 2416 1925 2477 nuntiata
1958 2422 2115 2487 sunt,
2141 2436 2233 2476 se-

335 2523 514 2573 natus
555 2514 664 2573 rite
706 2524 882 2594 atque
926 2512 1126 2574 ordine
1167 2534 1206 2575 a
1244 2511 1588 2595 proconsule
1629 2513 1793 2573 facta
1830 2533 1953 2572 esse
1987 2512 2233 2584 censuit,

336 2609 640 2691 aliamque
664 2611 860 2673 statim
887 2610 1238 2690 legationem
1268 2610 1551 2684 decrevit,
1581 2631 1715 2692 quae
1743 2610 1979 2693 publico
2004 2610 2237 2670 nornine

341 2707 688 2769 Corinthios
719 2719 783 2769 et
805 2708 1198 2769 Athenienses
1223 2709 1433 2782 adiret,
1461 2708 1779 2790 populique
1809 2708 2076 2768 Romani
2114 2715 2235 2765 stu-

337 2805 506 2865 dium
548 2825 691 2884 erga
730 2804 994 2877 Graecos,
1035 2813 1098 2865 et
1141 2806 1476 2886 aequitatem
1519 2825 1663 2886 erga
1701 2825 1901 2865 omnes
1944 2823 2236 2863 commen-

339 2901 533 2963 daret.

429 3005 530 3058 33.
575 2997 674 3059 Ea
712 3018 804 3058 res
841 3018 1113 3078 magnam
1140 2998 1198 3058 in
1226 2998 1297 3060 iis
1321 3000 1488 3060 terris
1511 2999 1732 3060 nomini
1760 2995 2037 3059 Romano
2060 2998 2239 3057 bene-

341 3095 670 3156 volentiam
696 3095 944 3176 peperit,
970 3094 1392 3175 confestimque
1416 3094 1655 3156 decreto
1680 3094 2111 3156 Corinthiorum
2135 3095 2241 3154 ho-

345 3213 456 3254 nor
497 3192 600 3253 hic
639 3191 858 3273 populo
892 3191 1170 3254 Romano
1202 3201 1294 3252 est
1325 3192 1581 3264 habitus,
1606 3201 1675 3252 ut
1708 3190 2087 3252 Isthmiorum
2113 3191 2241 3271 (qui
2263 3223 2431 3274 zonat.

345 3289 476 3350 ludi
519 3291 671 3350 inter
710 3297 960 3369 quatuor
997 3287 1404 3349 celeberrimos
1442 3297 1576 3349 sunt
1617 3287 1895 3366 Graeciae)
1932 3287 2244 3368 participes
2263 3289 2440 3356 Polyb.

347 3387 726 3447 haberentur.
809 3385 1081 3446 Maxime
1121 3386 1308 3446 movit
1344 3405 1465 3458 eos,
1507 3393 1717 3467 praeter
1756 3383 2145 3464 Apolloniam
2184 3391 2245 3444 et
2298 3386 2509 3451 Appian.

349 3483 503 3544 alias
544 3481 744 3542 Graeci
787 3482 1012 3560 generis
1051 3481 1341 3554 civitates,
1386 3480 1651 3563 Corcyra
1696 3480 1953 3541 libertati
1993 3480 2243 3552 reddita,
2266 3451 2521 3581 123¹*qu-

349 3599 488 3661 quae
529 3578 768 3640 colonia
809 3577 1246 3639 Corinthiorum
1283 3578 1495 3640 fuerat.
1578 3576 1977 3638 Athenienses
2015 3597 2247 3657 quoque
2271 3597 2366 3631 vn.
2390 3586 2473 3630 1⁰-

351 3678 700 3738 societatem
734 3675 1074 3741 Romanam
1118 3674 1375 3757 amplexi
1416 3675 1819 3747 decreverunt,
1854 3683 1923 3736 ut
1962 3673 2252 3740 Romanis
2272 3647 2443 3696 ²⁰⁰⁸*

419 3843 454 3890 ⁹
487 3837 575 3889 Ita
598 3835 830 3889 Crevier.
851 3851 916 3888 ex
940 3837 1110 3888 Fastis
1133 3835 1302 3902 Capit.
1337 3836 1473 3892 Edd.
1497 3837 1695 3902 priores
1718 3836 1809 3886 Cn.
1831 3835 1901 3885 N.

1193 3948 1555 3970 Meoeeeeoeoo

421 4013 438 4048 ⁸
499 4014 706 4076 Legae&
761 4029 872 4076 ergo
928 4013 1269 4076 Carthaginem
1339 4018 1768 4064 memoraverunt.
1856 4009 2033 4074 Atque
2076 4027 2252 4062 eornm

355 4079 538 4143 uiuis]
574 4079 692 4129 Hoc
708 4079 772 4130 ab
795 4077 1038 4143 Appiano
1059 4080 1268 4144 quidem
1341 4079 1511 4142 potior
1565 4077 1802 4128 habenda
1853 4076 2061 4126 videtur
2104 4077 2253 4127 fides.

359 4145 612 4196 traditum
654 4152 749 4195 est.
811 4145 912 4194 Sed
959 4145 1114 4194 aliter
1155 4159 1269 4194 nen·
1343 4144 1465 4193 vid.
1507 4145 1695 4208 Polyb.
1725 4144 1761 4192 l.
1794 4155 1857 4192 n.
1890 4155 1937 4190 c.
1976 4145 2054 4191 13.
2085 4151 2139 4191 et
2164 4157 2252 4194 nt.

360 4225 478 4261 sere
503 4211 681 4261 leiuo
703 4217 759 4260 et
783 4209 1052 4273 Polybius,
1069 4209 1157 4275 qui
1180 4211 1278 4259 hoc
1344 4213 1428 4259 21.
1448 4213 1530 4260 2⁷.
1561 4214 1644 4259 29.
1669 4215 1725 4259 et
1758 4207 1979 4270 Livium,
2012 4205 2103 4256 lib.
2132 4220 2253 4258 xxi.

359 4273 530 4326 foedus
563 4289 678 4325 eum
713 4273 1009 4324 Asdrubale
1038 4276 1168 4335 solo,
1202 4276 1276 4324 in-
1349 4289 1500 4339 capp.
1521 4279 1571 4325 2.
1591 4278 1670 4324 18.
1690 4279 1745 4324 et
1770 4277 1848 4322 19.
1886 4272 2027 4322 Creo.

359 4341 483 4391 neiis
504 4347 564 4392 et
585 4340 890 4390 inconsultis
912 4346 1098 4390 senatu
1119 4347 1170 4390 et
1190 4355 1279 4403 po·
1410 4347 1449 4373 ¹¹·
1481 4337 1546 4392 A.
1575 4339 1637 4390 U.
1662 4340 1724 4390 C.
1748 4341 1861 4390 524.
1893 4337 1959 4387 A.
1982 4337 2041 4389 G.
2064 4339 2183 4392 228.

362 4408 486 4473 pulo
515 4405 956 4472 Carthaginiensi,
978 4405 1140 4458 ictum
1164 4419 1279 4456 esse
