3300 5225
782 484 953 553 1938
1723 504 1792 554 τ.
1839 503 2035 554 mvn

868 641 978 710 28.
1021 642 1161 712 Hae
1188 643 1402 710 literas
1427 663 1810 730 quanquam
1851 647 2070 732 primo
2095 646 2464 714 admodum·
2493 655 2846 715 moverunt
2873 668 2982 714 se-

782 753 1050 827 natum;
1094 753 1339 826 tamen,
1364 748 1523 832 quia
1554 749 1782 816 Italiae
1819 771 1980 815 cura
2007 753 2192 833 prior
2231 752 2586 836 potiorque
2614 759 2782 829 erat,
2812 751 2982 817 nihil

785 848 867 914 de
892 847 1323 914 Hasdrubale
1354 871 1569 934 neque
1596 851 1680 917 de
1708 852 1932 936 copiis
1951 851 2098 936 ejus
2119 861 2444 920 mutatum
2470 863 2620 920 est-¹
2668 854 2978 919 Himilco

783 971 935 1020 cum
982 954 1280 1018 exercitu
1323 953 1511 1037 justo
1558 960 1627 1018 et
1672 961 1873 1020 aucta
1923 953 2166 1034 classe,
2213 955 2300 1020 ad
2343 956 2752 1021 retinendam
2805 963 2980 1022 terra

781 1055 1081 1138 marique
1120 1075 1201 1120 ac
1257 1055 1568 1121 tuendam
1614 1057 2048 1141 Hispaniam,
2095 1069 2206 1122 est
2250 1061 2544 1140 missus;
2585 1061 2726 1143 qui,
2752 1068 2827 1122 ut
2853 1078 2982 1142 pe-

782 1157 1038 1222 destres
1078 1159 1491 1244 navalesque
1531 1162 1766 1244 copias
1807 1163 2088 1246 trajecit,
2129 1163 2372 1228 castris
2403 1163 2832 1228 communitis
2861 1181 2980 1226 na-

780 1260 1111 1345 vibusque
1156 1261 1503 1328 subductis
1549 1268 1617 1328 et
1668 1263 1852 1328 vallo
1913 1264 2368 1342 circumdatiS,
2415 1283 2572 1328 cum
2633 1263 2978 1346 equitibus

781 1360 1060 1426 delectis
1120 1363 1293 1446 ipse,
1342 1346 1680 1448 'quantum
1739 1366 2031 1430 maxime
2079 1367 2459 1432 accelerare
2509 1370 2792 1450 poterat,
2855 1383 2980 1448 per

777 1462 1027 1530 dubios
1046 1465 1463 1550 infestosque
1488 1467 1776 1551 populos
1795 1475 1818 1502 ⁸
1831 1469 2037 1552 juxta
2057 1470 2353 1534 intentus
2373 1481 2396 1508 ⁶
2413 1475 2440 1506 ²
2463 1469 2552 1534 ad
2575 1466 2974 1535 Hasdruba-

776 1567 911 1633 lem
938 1571 1250 1652 pervenit.
1336 1569 1511 1635 Cum
1557 1570 1827 1636 decreta
1871 1577 2152 1636 senatus
2197 1571 2645 1657 mandataque
2683 1590 2978 1655 exposu-

774 1671 963 1750 isset,
993 1679 1195 1756 atque
1224 1671 1796 1755 edidicissetipse
1827 1673 1896 1737 in
1928 1673 2170 1752 vicem,
2207 1673 2770 1757 quemadmodum
2803 1679 2978 1740 trac-

778 1775 1055 1839 tandum
1084 1776 1337 1840 bellum
1369 1775 1439 1838 in
1468 1774 1808 1858 Hispania
1837 1777 2024 1855 foret,
2047 1783 2220 1842 retro
2243 1779 2312 1843 in
2335 1796 2463 1842 sua
2485 1785 2710 1842 castra
2737 1777 2972 1858 rediit3

776 1877 961 1960 nulla
1008 1895 1105 1955 re,
1157 1896 1360 1962 quam
1406 1877 1769 1957 celeritate,
1822 1879 2048 1958 tutior,
2091 1880 2272 1964 quod
2317 1880 2614 1964 undique
2663 1879 2978 1952 abierat?

778 1987 939 2046 ante
970 1998 1171 2064 quam
1203 1981 1692 2044 consentirent-³
1721 1989 1748 2017 ⁸
1793 1981 2184 2048 Hasdrubal
2213 1985 2422 2066 prius,
2453 2002 2650 2067 quam
2679 1990 2979 2049 moveret

778 2088 1024 2157 castra,
1076 2081 1404 2166 pecunias
1444 2083 1738 2167 imperat
1783 2085 2060 2169 populis
2109 2084 2420 2151 omnibus
2473 2104 2618 2150 suaa
2665 2086 2972 2164 ditionis,

774 2186 947 2250 satis
976 2205 1236 2268 gnaruS,
1266 2184 1720 2250 Hannibalem
1753 2187 2072 2252 transitus
2101 2187 2433 2272 quosdam
2464 2189 2686 2271 pretio
2713 2207 2972 2255 merca·

775 2293 913 2352 tum
941 2310 958 2353 τ
1004 2307 1124 2353 nec
1152 2288 1406 2352 auxilia
1432 2287 1708 2352 Gallica
1738 2289 1958 2367 aliter,
1991 2309 2196 2375 qnam
2225 2289 2577 2371 conducta,
2605 2291 2968 2374 habuisse3

772 2389 1071 2473 inopem,
1098 2395 1356 2454 tantum
1384 2391 1512 2455 iter
1538 2391 1938 2472 ingressum,
1962 2393 2078 2457 vix
2109 2399 2606 2476 penetraturum
2634 2393 2721 2458 ad
2751 2393 2968 2480 Alpes

766 2490 1007 2556 fuisse.
1093 2491 1411 2557 Pecuniis
1454 2492 1651 2575 igitur
1689 2494 1932 2576 raptim
1963 2495 2248 2573 exactis,
2275 2496 2362 2560 ad
2395 2496 2662 2561 Iberum
2692 2496 2968 2563 descen-

771 2595 887 2659 dit.
977 2594 1272 2660 Decreta
1313 2594 1964 2678 Carthaginiensium
2007 2600 2073 2661 et
2103 2596 2555 2664 Hasdrubalis
2583 2599 2708 2663 iter
2735 2599 2850 2665 ubi
2881 2599 2971 2665 ad

770 2696 1117 2787 Romanos
1188 2706 1351 2763 sunt
1419 2696 1730 2782 perlata?
1782 2700 2098 2765 omnibus
2155 2702 2427 2766 omissis
2480 2703 2701 2780 rebus,
2767 2704 2968 2769 ambo

772 2799 1004 2880 duces,
1036 2801 1299 2887 junctis
1339 2802 1589 2886 copiiS,
1620 2804 1718 2867 ire
1765 2803 2036 2869 obviam
2085 2805 2334 2889 coeptis
2379 2810 2584 2891 atque
2633 2805 2966 2871 obsistere

773 3089 785 3102 ο
828 3032 851 3057 ⁰
880 3026 1035 3091 AEque
1054 3027 1264 3079 intentus
1282 3030 1411 3080 inter
1428 3028 1646 3079 nationes
1664 3028 1820 3078 dubie
1839 3044 1896 3079 nc
1915 3030 2281 3095 nutantirfidei,
2301 3044 2358 3077 cc
2377 3027 2507 3079 inter
2523 3026 2966 3092 amputante

764 3088 1271 3221 nauffi'regionibu
1288 3159 1581 3224 cingulorum
1600 3160 1896 3223 populorum,
1911 3160 1995 3223 qut·
2015 3160 2222 3224 suspecti
2240 3164 2394 3209 mae.

1680 3335 1864 3356 mm
1866 3336 2045 3357 00000

829 3434 856 3481 1
900 3432 989 3481 Est
1010 3446 1112 3482 non
1136 3440 1285 3484 extat
1309 3434 1359 3483 in
1383 3434 1540 3485 Grut.
1563 3435 1797 3486 Gronov.
1833 3437 2046 3501 Doujat.
2082 3439 2419 3489 creviam—2
2453 3437 2608 3488 Malit
2643 3436 2868 3501 Rupert.
2901 3440 2965 3487 ad

765 3498 849 3545 vel
880 3497 933 3545 in
952 3497 1119 3547 dubios
1136 3499 1173 3547 i.
1206 3514 1259 3562 p.
1277 3500 1429 3561 juxta
1450 3501 1683 3552 intentus.
1749 3505 1765 3532 ‘
1791 3503 1988 3552 Vereor
2010 3518 2076 3552 ne
2110 3510 2386 3567 corruptus
2409 3504 2475 3553 sit
2497 3503 2658 3564 locus,
2689 3504 2763 3552 ita
2799 3513 2856 3552 ut
2882 3502 2964 3552 vel

762 3558 955 3626 aliquid
992 3561 1129 3611 desit
1168 3571 1287 3626 post
1327 3566 1408 3619 ad,
1450 3568 1530 3614 vel
1571 3580 1666 3629 pro
1703 3568 1912 3617 intentus
1945 3568 2219 3632 legendum
2256 3570 2325 3618 sit
2355 3570 2496 3618 littus
2530 3578 2622 3617 alit
2645 3568 2782 3617 aliud
2805 3568 2964 3633 qnid-⁹

762 3626 1048 3677 Stroth—8
1082 3628 1194 3677 ‘Ex
1220 3636 1352 3678 antt·
1376 3628 1511 3680 Edd.
1534 3639 1657 3681 ante
1696 3636 2014 3684 consentirent
2051 3632 2222 3683 forsan
2260 3634 2590 3683 inserendum
2625 3632 2826 3697 popili-⁹
2861 3634 2964 3685 Ru-

1731 3782 1736 3787 ’
1752 3782 1968 3833 No'rAE

762 3874 956 3924 victam
1000 3874 1211 3931 referas.
1249 3873 1525 3939 legendum
1563 3878 1667 3928 erit
1703 3892 1820 3929 cum
1965 3880 2128 3930 ⁸Ante
2141 3894 2281 3945 quam
2295 3880 2638 3944 concutiunt]
2661 3880 2850 3946 Populi
2865 3881 2962 3931 sei-

756 3950 1041 4009 Gronovio,
1063 3966 1148 4001 nec
1178 3951 1263 4001 diu
1279 3960 1450 4015 pacata
1468 3954 1664 4003 maie.
1720 3954 1820 4005 Vel
1899 3957 2026 4008 licet
2049 3957 2322 4022 Hispanici
2344 3959 2410 4008 ad
2431 3972 2549 4007 eum
2574 3958 2874 4023 arcendum,
2894 3972 2962 4009 ne

758 4030 1249 4094 subintelllgendum
1274 4034 1329 4080 in
1350 4038 1521 4097 pacato
1540 4039 1692 4083 ειαειι.
1900 4034 1964 4084 ad
1990 4046 2163 4085 castra
2184 4050 2293 4093 sita,
2315 4050 2429 4101 quoe
2457 4034 2594 4087 baud
2617 4035 2773 4086 dubie
2807 4036 2964 4087 mari-

816 4114 839 4139 ⁸
854 4106 955 4155 Per
974 4108 1139 4156 dubios
1151 4108 1433 4172 infestosque
1445 4112 1661 4174 populos]
1677 4111 1818 4162 Hinc
1899 4112 2042 4168 tima,
2065 4114 2377 4176 perveniret.

756 4192 981 4248 apparet
1006 4184 1183 4247 procul
1217 4200 1248 4233 ι
1274 4186 1403 4234 mari
1427 4188 1676 4236 mansisse
1695 4188 1815 4236 bac·
1963 4188 1987 4223 δ
2019 4190 2100 4239 Λα
2125 4190 2360 4240 Romam
2378 4194 2488 4239 unt
2507 4186 2717 4252 palata]
2749 4186 2832 4239 Ad
2850 4190 2964 4240 Sci-

756 4268 910 4310 tenus
946 4259 1349 4321 Hasdrubalem,
1389 4262 1441 4310 in
1476 4263 1681 4326 populis
1713 4277 1816 4313 nou
1897 4268 2081 4330 pinnen
2120 4265 2328 4331 fratres,
2360 4266 2710 4317 Romanorum
2749 4264 2800 4314 in
2835 4265 2962 4317 His·

750 4338 962 4385 omniun
1008 4336 1225 4399 pacatis,
1274 4338 1384 4387 sive
1434 4338 1488 4387 in
1534 4347 1674 4389 statu
1715 4354 1816 4389 non
1899 4344 2054 4408 panis
2076 4342 2254 4395 duces.

751 4415 909 4478 plane
937 4410 1172 4478 pacifico.
