3300 5225
815 530 990 597 1642
1780 550 1848 602 ·r.
1900 552 2084 601 mvn

1137 690 1313 755 bunt:
1353 712 1503 774 quos
1523 690 1713 755 donec
1739 691 1987 773 dirigere
2028 692 2287 767 student,
2326 714 2659 775 suggreuus
2684 695 2889 759 sti-icto
2912 718 3045 759 mu·

1141 810 1320 851 crone
1343 789 1657 851 Romanus
1678 810 1909 851 omnem
1936 811 2228 852 armorum
2254 812 2423 852 usum
2450 792 2520 853 iis
2548 792 2784 853 ademit.
2870 794 3045 855 Nam

1141 896 1204 947 et
1229 887 1342 948 hoc
1369 886 1592 948 habent
1623 908 1793 948 enses
1818 886 2068 960 Gallici,
2110 889 2253 968 quia
2290 889 2487 949 caesim
2530 890 2943 952 tantummodo
2968 892 3047 953 iis

1141 984 1388 1065 pugnari
1439 993 1653 1065 potest,
1702 992 1773 1044 ut
1822 983 1900 1045 ad
1947 984 2273 1046 feriendum
2328 985 2699 1067 aliquantum
2744 989 3049 1068 requirant

1139 1081 1336 1161 spatii,
1363 1080 1522 1162 quod
1548 1081 1598 1139 si
1623 1082 1757 1161 quis
1780 1079 2108 1153 abstulerit,
2144 1082 2381 1142 omnino
2404 1081 2555 1143 flunt
2578 1082 2833 1143 inutiles.
2904 1083 3043 1145 Ro-

1139 1178 1298 1237 mani
1323 1198 1462 1239 vero
1485 1179 1671 1238 etiam
1708 1179 1967 1259 punctim
1992 1176 2161 1239 ferire
2204 1198 2283 1239 ex
2322 1178 2563 1239 minimo
2600 1179 2915 1241 intervallo
2938 1200 3047 1263 po·

1139 1282 1354 1347 terant,
1395 1294 1585 1355 eoque
1613 1273 1790 1335 modo
1817 1273 1895 1334 ad
1920 1296 2135 1357 corpus
2156 1275 2339 1335 hostis
2380 1276 2642 1357 appressi
2674 1275 2890 1337 faciem
2914 1280 3047 1357 ejus

1141 1380 1319 1450 atque
1345 1382 1549 1453 pectus
1567 1372 1807 1453 impune
1825 1372 2152 1433 caedebant.
2216 1371 2547 1433 Interfecto.
2562 1370 2836 1433 dicuntur
2852 1374 3047 1435 millia

849 1478 989 1530 omn.
1024 1496 1098 1530 xv.
1143 1464 1458 1527 Gallorum
1485 1488 1732 1530 novem:
1760 1470 1927 1550 quasi
1952 1468 2199 1551 duplum
2224 1470 2355 1548 ejus
2380 1469 2601 1530 numeri
2628 1478 2870 1551 captum
2894 1492 3043 1535 ene.

819 1548 900 1595 ¹⁸·
1143 1562 1296 1623 Post
1333 1564 1640 1625 victoriam
1684 1586 1825 1645 ager
1862 1566 2119 1627 hostium
2157 1565 2332 1647 longe
2370 1565 2613 1647 lateque
2638 1576 2907 1628 vastatus
2926 1577 3041 1641 est,

1141 1659 1505 1743 multumque
1531 1661 1748 1743 praedae
1776 1672 2029 1744 partum.

847 1771 980 1823 Plnt.
1000 1773 1050 1825 in
1221 1765 1320 1819 5⁰.
1363 1756 1518 1819 Tum
1561 1758 1797 1819 demum
1842 1759 2049 1821 literas
2085 1769 2320 1821 senatus
2362 1759 2479 1840 legi
2520 1759 2783 1841 placuit:
2826 1762 3044 1842 quibus

810 1837 980 1955 fflffi:
995 1856 1041 1892 ⁶·
1063 1844 1117 1893 ⁴·
1139 1874 1274 1914 cum
1298 1854 1590 1935 pariturus
1629 1854 1713 1916 P.
1744 1855 1961 1941 Philus
1998 1866 2171 1930 esset,
2216 1856 2292 1917 Ο.
2340 1856 2669 1918 Flaminius
2708 1866 2727 1895 ‘
2754 1857 3043 1919 invidiam

1137 1952 1294 2012 hanc
1337 1950 1592 2013 Patrum
1635 1973 1761 2013 esse
1774 1955 1791 1981 ’
1830 1962 2099 2025 testatus,
2142 1964 2161 1991 ‘
2210 1953 2389 2014 nullis
2428 1954 2817 2035 auspiciorum
2856 1955 3039 2029 vitiis,

1137 2050 1310 2128 cujus
1343 2048 1427 2109 rei
1467 2048 1697 2111 nullum
1723 2058 2127 2130 argumentum
2150 2051 2369 2111 certius
2394 2050 2521 2132 ipsa
2544 2050 2654 2111 illa
2675 2070 2857 2133 quam
2882 2052 3039 2113 obti-

1135 2145 1398 2206 nuissent
1419 2146 1667 2208 victoria
1690 2146 1909 2209 adduci
1926 2147 2165 2228 posset,’
2190 2148 2431 2227 negavit
2456 2156 2475 2183 ⁸
2496 2168 2581 2220 se,
2602 2147 2711 2208 nisi
2738 2146 2913 2209 finito
2938 2148 3037 2210 vel

1136 2241 1317 2315 bello,
1347 2241 1448 2303 vel
1487 2244 1861 2323 magistratus
1898 2252 2184 2325 tempore,
2209 2244 2580 2305 decessurum
2618 2244 2785 2307 esse?
2868 2244 3039 2312 Quin

1135 2340 1314 2399 etiam
1341 2338 1597 2413 addidit,
1627 2349 1646 2377 ‘
1678 2340 2044 2413 effecturum,
2082 2350 2151 2401 ut
2174 2340 2427 2422 populus
2450 2340 2761 2403 Romanus
2800 2342 3037 2421 auguri-

1135 2456 1303 2496 orum
1339 2435 1707 2517 aliarumque
1750 2436 1961 2498 talium
2000 2458 2192 2499 rerum
2228 2440 2431 2518 inepta
2470 2438 2877 2499 observatione
2901 2438 3039 2499 falli

1135 2531 1406 2593 desinat!
1467 2533 1747 2595 Ceterum
1772 2534 1831 2593 in
1855 2535 2147 2595 sententia
2170 2535 2513 2617 persistente
2539 2532 2623 2595 P.
2656 2533 2861 2607 Furi0,
2892 2534 3039 2597 Fla-

1138 2631 1428 2691 minianus
1453 2633 1771 2705 exercitus,
1796 2641 2059 2694 metuens
2084 2641 2152 2694 ut
2174 2632 2430 2712 digreoeo
2456 2631 2561 2692 illo
2582 2633 2727 2692 satis
2750 2632 2811 2692 in
2836 2633 3039 2693 hostili

1135 2727 1370 2807 regione
1409 2737 1570 2789 tutus
1611 2739 1785 2802 esset,
1816 2731 2087 2792 exoravit
2120 2751 2277 2801 eum,
2312 2738 2381 2789 ut
2404 2750 2508 2811 per
2530 2728 2661 2790 dies
2688 2728 2919 2810 aliquot
2940 2750 3039 2791 re·

1135 2835 1432 2888 maneret:
1483 2827 1628 2887 nihil
1678 2837 1879 2889 tamen
1928 2847 2117 2888 rerum
2168 2836 2375 2907 postea
2430 2846 2627 2906 gerere
2677 2825 2911 2888 voluit:
2954 2826 3035 2889 C.

806 2942 1115 2996 nnana,
1139 2921 1432 2985 Flaminio
1459 2924 1691 2984 interim
1716 2923 1965 2986 castella
2002 2924 2299 3004 quaedam,
2348 2924 2669 3004 urbemque
2712 2943 2831 2984 non
2872 2924 3035 2985 inee-

811 3039 983 3091 zmm,
1137 3018 1356 3081 lebrem
1380 3019 1500 3081 illis
1523 3021 1797 3100 gentibus
1826 3021 2164 3102 recipiente,
2206 3039 2601 3100 concessaque
2630 3021 2807 3081 militi
2832 3020 3037 3101 preda

1135 3115 1215 3176 ad
1255 3116 1476 3178 instans
1497 3137 1634 3177 cum
1674 3125 1881 3177 senatu
1916 3126 2211 3178 certamen
2250 3116 2365 3176 sibi
2406 3115 2760 3177 conciliante
2784 3117 3034 3182 αιιίιιιοε.

813 3235 947 3286 pm,
1129 3212 1329 3273 Tanta
1355 3213 1512 3273 enim
1535 3222 1746 3274 exorta
1768 3213 1965 3274 fuerat
1988 3214 2050 3274 in
2078 3215 2222 3274 urbe
2246 3213 2596 3293 indignatio,
2640 3221 2709 3273 ut
2730 3213 3033 3275 redeunti-

711 3368 718 3376 ,
809 3331 976 3386 2022,
1131 3308 1244 3370 bus
1259 3309 1597 3370 consulibus
1613 3331 1805 3391 neque
1830 3311 2067 3372 obviam
2086 3331 2163 3371 ex
2190 3331 2349 3371 more
2369 3311 2569 3380 iretur,
2588 3310 3035 3391 triumphusque

1131 3425 1248 3467 non
1278 3406 1354 3468 C.
1383 3407 1681 3468 Flaminio
1704 3406 1904 3480 modo,
1930 3407 2037 3468 sed
2066 3408 2124 3466 in
2150 3409 2278 3485 ejus
2300 3406 2503 3468 odium
2526 3407 2706 3466 etiam
2732 3405 2819 3467 P.
2844 3405 3036 3467 Philo

1131 3513 1460 3583 negaretur.
1543 3502 1655 3564 Ad
1678 3513 2005 3564 extremum
2039 3502 2115 3566 C.
2148 3502 2421 3564 Flaminii
2448 3523 2697 3584 magnus
2720 3499 2879 3584 apud
2904 3503 3039 3585 ple·

1135 3600 1270 3660 bem
1304 3600 1473 3662 favor
1512 3601 1693 3662 vicit.
1736 3601 1899 3681 isque
1939 3599 2305 3680 triumphans
2344 3600 2547 3660 urbem
2590 3601 2881 3679 ingressus
2918 3609 3036 3674 est,

806 3696 1114 3766 rufio-pit.
1136 3695 1222 3757 A.
1246 3696 1332 3759 D.
1374 3713 1474 3761 vl.
1517 3696 1667 3758 Idus
1700 3697 1974 3758 Martias.
2047 3695 2251 3757 Multa
2292 3697 2351 3755 in
2394 3715 2469 3756 eo
2510 3696 2805 3777 triumpho
2842 3705 3037 3758 nann-

807 3795 977 3849 Liv.x
1069 3791 1260 3853 x-lato
1281 3802 1418 3855 sunt
1441 3793 1658 3876 spolia,
1680 3813 1901 3874 magna
1924 3794 2015 3855 vis
2038 3813 2351 3865 armorum,
2344 3799 2615 3872 torques
2638 3793 2844 3854 itidem
2870 3795 3037 3856 aurei

806 3926 976 3978 nor·
956 3942 1016 3980 ι
1039 3931 1091 3979 4
1131 3890 1432 3971 permulti,
1468 3909 1547 3951 ex
1585 3891 1799 3971 quibus
1824 3899 2109 3972 tropaeum
2128 3889 2269 3950 Jovi
2295 3889 2369 3951 C.
2401 3888 2772 3950 Flaminius'
2754 3908 2815 3949 ιιι
2844 3889 3034 3972 Capi-

1131 3987 1278 4049 tolio
1305 3989 1521 4068 posuit,
1549 3988 1778 4048 inverso
1804 3987 2119 4048 Gallorum
2142 3995 2303 4058 voto,
2340 3986 2442 4066 qui
2466 3985 2543 4046 de
2566 3985 2773 4068 spoliis
2798 3985 3033 4048 Roma-

1133 4103 1340 4145 norum
1369 4085 1560 4146 Marti
1583 4105 1691 4144 suo
1708 4093 1975 4164 torquem
1994 4083 2395 4167 promiserant.
2456 4081 2641 4144 Alter
2658 4103 2796 4144 mox
2820 4085 3031 4146 consul

805 4193 936 4245 ruti
946 4193 1114 4264 Capit.
1133 4179 1210 4241 de
1237 4179 1442 4242 Gallis
1481 4190 1544 4242 et
1586 4180 1901 4262 Liguribus
1940 4182 2301 4264 triumphum
2334 4181 2460 4260 egit
2480 4181 2573 4241 A.
2603 4180 2687 4243 D.
2718 4197 2815 4241 ιν.
2880 4180 3033 4244 Idus

1138 4277 1412 4342 Martias.

1217 4383 1317 4438 61.
1362 4375 1468 4438 Sic
1511 4378 1701 4458 magis
1742 4397 1991 4440 accensa
2028 4395 2208 4461 quam
2248 4374 2409 4438 victa
2448 4383 2689 4436 senatus
2722 4373 2871 4437 odia
2910 4393 3027 4437 non
