<?xml version="1.0" encoding="UTF-8"?>
<!DOCTYPE html PUBLIC "-//W3C//DTD XHTML 1.0 Transitional//EN"
    "http://www.w3.org/TR/xhtml1/DTD/xhtml1-transitional.dtd">
<html xmlns="http://www.w3.org/1999/xhtml" xml:lang="en" lang="en">
 <head>
  <title>
</title>
<meta http-equiv="Content-Type" content="text/html;charset=utf-8" />
  <meta name='ocr-system' content='tesseract 3.04.00' />
  <meta name='ocr-capabilities' content='ocr_page ocr_carea ocr_par ocr_line ocrx_word'/>
</head>
<body>
  <div class='ocr_page' id='page_1' title='image "./tliviipatavinih19unkngoog_0065.png"; bbox 0 0 3300 5225; ppageno 0'>
   <div class='ocr_carea' id='block_1_1' title="bbox 825 487 1000 556">
    <p class='ocr_par' dir='ltr' id='par_1_1' title="bbox 825 487 1000 556">
     <span class='ocr_line' id='line_1_1' title="bbox 825 487 1000 556; baseline 0.017 -3"><span class='ocrx_word' id='word_1_1' title='bbox 825 487 1000 556; x_wconf 81' lang='lat'>1638</span> 
     </span>
    </p>
   </div>
   <div class='ocr_carea' id='block_1_2' title="bbox 849 3458 1115 3525">
    <p class='ocr_par' dir='ltr' id='par_1_2' title="bbox 849 3458 1115 3525">
     <span class='ocr_line' id='line_1_2' title="bbox 849 3458 1115 3525; baseline 0.004 -19"><span class='ocrx_word' id='word_1_2' title='bbox 849 3458 1023 3525; x_wconf 78' lang='lat' dir='ltr'><strong>Polyb.</strong></span> <span class='ocrx_word' id='word_1_3' title='bbox 1051 3474 1115 3512; x_wconf 86' lang='lat'><strong>11.</strong></span> 
     </span>
    </p>
   </div>
   <div class='ocr_carea' id='block_1_3' title="bbox 816 3853 1116 3973">
    <p class='ocr_par' dir='ltr' id='par_1_3' title="bbox 816 3853 1116 3973">
     <span class='ocr_line' id='line_1_3' title="bbox 846 3853 1116 3919; baseline 0.019 -17"><span class='ocrx_word' id='word_1_4' title='bbox 846 3853 1019 3919; x_wconf 79' lang='lat' dir='ltr'><strong>Polyb.</strong></span> <span class='ocrx_word' id='word_1_5' title='bbox 1049 3870 1116 3907; x_wconf 84' lang='lat' dir='ltr'><strong>n.</strong></span> 
     </span>
     <span class='ocr_line' id='line_1_4' title="bbox 816 3924 898 3973; baseline 0.049 -4"><span class='ocrx_word' id='word_1_6' title='bbox 816 3924 898 3973; x_wconf 76' lang='lat'><strong>⁸⁰.</strong></span> 
     </span>
    </p>
   </div>
   <div class='ocr_carea' id='block_1_4' title="bbox 19 3264 27 4292">
    <p class='ocr_par' dir='ltr' id='par_1_4' title="bbox 19 3264 27 4292">
     <span class='ocr_line' id='line_1_5' title="bbox 19 3264 27 4292; baseline 0 0"><span class='ocrx_word' id='word_1_7' title='bbox 19 3264 27 4292; x_wconf 95' lang='lat' dir='ltr'><strong> </strong></span> 
     </span>
    </p>
   </div>
   <div class='ocr_carea' id='block_1_5' title="bbox 1812 503 2122 555">
    <p class='ocr_par' dir='ltr' id='par_1_5' title="bbox 1812 503 2122 555">
     <span class='ocr_line' id='line_1_6' title="bbox 1812 503 2122 555; baseline 0.01 -3"><span class='ocrx_word' id='word_1_8' title='bbox 1812 504 1885 553; x_wconf 78' lang='grc' dir='ltr'><strong>Τ.</strong></span> <span class='ocrx_word' id='word_1_9' title='bbox 1930 503 2122 555; x_wconf 72' lang='lat' dir='ltr'><strong>mvn</strong></span> 
     </span>
    </p>
   </div>
   <div class='ocr_carea' id='block_1_6' title="bbox 1125 647 3053 4215">
    <p class='ocr_par' dir='ltr' id='par_1_6' title="bbox 1147 647 3053 1697">
     <span class='ocr_line' id='line_1_7' title="bbox 1155 647 3051 731; baseline 0.003 -21"><span class='ocrx_word' id='word_1_10' title='bbox 1155 649 1434 729; x_wconf 88' lang='lat' dir='ltr'><strong>ambiguo</strong></span> <span class='ocrx_word' id='word_1_11' title='bbox 1461 647 1721 730; x_wconf 88' lang='lat' dir='ltr'><strong>judicio,</strong></span> <span class='ocrx_word' id='word_1_12' title='bbox 1749 649 1955 731; x_wconf 88' lang='lat' dir='ltr'><strong>plusne</strong></span> <span class='ocrx_word' id='word_1_13' title='bbox 2002 647 2303 731; x_wconf 77' lang='lat' dir='ltr'>prodesset</span> <span class='ocrx_word' id='word_1_14' title='bbox 2338 649 2427 710; x_wconf 84' lang='lat' dir='ltr'><strong>eis</strong></span> <span class='ocrx_word' id='word_1_15' title='bbox 2464 649 2579 710; x_wconf 83' lang='lat' dir='ltr'><strong>ista</strong></span> <span class='ocrx_word' id='word_1_16' title='bbox 2609 650 2797 731; x_wconf 78' lang='lat' dir='ltr'><strong>praelii</strong></span> <span class='ocrx_word' id='word_1_17' title='bbox 2835 649 3051 724; x_wconf 82' lang='lat' dir='ltr'><strong>forma,</strong></span> 
     </span>
     <span class='ocr_line' id='line_1_8' title="bbox 1150 744 3053 828; baseline 0.002 -21"><span class='ocrx_word' id='word_1_18' title='bbox 1150 746 1312 827; x_wconf 88' lang='lat' dir='ltr'><strong>quod</strong></span> <span class='ocrx_word' id='word_1_19' title='bbox 1362 767 1500 807; x_wconf 90' lang='lat' dir='ltr'><strong>cum</strong></span> <span class='ocrx_word' id='word_1_20' title='bbox 1545 744 1753 808; x_wconf 80' lang='lat' dir='ltr'><strong>divisis</strong></span> <span class='ocrx_word' id='word_1_21' title='bbox 1796 746 2051 806; x_wconf 85' lang='lat' dir='ltr'><strong>hostium</strong></span> <span class='ocrx_word' id='word_1_22' title='bbox 2099 747 2289 828; x_wconf 81' lang='lat' dir='ltr'><strong>copiis</strong></span> <span class='ocrx_word' id='word_1_23' title='bbox 2332 755 2679 828; x_wconf 70' lang='lat' dir='ltr'><strong>pugnantes,</strong></span> <span class='ocrx_word' id='word_1_24' title='bbox 2725 757 2891 828; x_wconf 82' lang='lat' dir='ltr'><strong>terga</strong></span> <span class='ocrx_word' id='word_1_25' title='bbox 2931 750 3053 810; x_wconf 85' lang='lat' dir='ltr'><strong>sibi</strong></span> 
     </span>
     <span class='ocr_line' id='line_1_9' title="bbox 1151 843 3052 925; baseline 0.002 -22"><span class='ocrx_word' id='word_1_26' title='bbox 1151 844 1406 904; x_wconf 79' lang='lat' dir='ltr'><strong>invicem</strong></span> <span class='ocrx_word' id='word_1_27' title='bbox 1445 852 1577 904; x_wconf 84' lang='lat' dir='ltr'><strong>tuta</strong></span> <span class='ocrx_word' id='word_1_28' title='bbox 1615 843 1993 924; x_wconf 83' lang='lat' dir='ltr'><strong>praestabant‚</strong></span> <span class='ocrx_word' id='word_1_29' title='bbox 2018 843 2199 904; x_wconf 85' lang='lat' dir='ltr'><strong>etiam</strong></span> <span class='ocrx_word' id='word_1_30' title='bbox 2224 845 2439 904; x_wconf 85' lang='lat' dir='ltr'><strong>amissa</strong></span> <span class='ocrx_word' id='word_1_31' title='bbox 2460 865 2563 925; x_wconf 91' lang='lat' dir='ltr'><strong>spe</strong></span> <span class='ocrx_word' id='word_1_32' title='bbox 2586 843 2745 924; x_wconf 75' lang='lat' dir='ltr'><strong>fugae</strong></span> <span class='ocrx_word' id='word_1_33' title='bbox 2774 844 2853 906; x_wconf 87' lang='lat' dir='ltr'><strong>ad</strong></span> <span class='ocrx_word' id='word_1_34' title='bbox 2879 844 3052 906; x_wconf 81' lang='lat' dir='ltr'><strong>forti·-</strong></span> 
     </span>
     <span class='ocr_line' id='line_1_10' title="bbox 1149 939 3051 1020; baseline 0.002 -20"><span class='ocrx_word' id='word_1_35' title='bbox 1149 939 1414 1000; x_wconf 90' lang='lat' dir='ltr'><strong>tudinem</strong></span> <span class='ocrx_word' id='word_1_36' title='bbox 1453 939 1773 1008; x_wconf 69' lang='lat' dir='ltr'><strong>stimulatig</strong></span> <span class='ocrx_word' id='word_1_37' title='bbox 1818 959 1895 1000; x_wconf 94' lang='lat' dir='ltr'><strong>an</strong></span> <span class='ocrx_word' id='word_1_38' title='bbox 1923 960 2064 1001; x_wconf 81' lang='lat' dir='ltr'><strong>vero</strong></span> <span class='ocrx_word' id='word_1_39' title='bbox 2088 949 2346 1012; x_wconf 83' lang='lat' dir='ltr'><strong>noceret,</strong></span> <span class='ocrx_word' id='word_1_40' title='bbox 2372 940 2533 1020; x_wconf 90' lang='lat' dir='ltr'><strong>quod</strong></span> <span class='ocrx_word' id='word_1_41' title='bbox 2559 942 2711 1001; x_wconf 87' lang='lat' dir='ltr'><strong>inter</strong></span> <span class='ocrx_word' id='word_1_42' title='bbox 2732 940 2881 1002; x_wconf 89' lang='lat' dir='ltr'><strong>duos</strong></span> <span class='ocrx_word' id='word_1_43' title='bbox 2903 963 3051 1003; x_wconf 87' lang='lat' dir='ltr'><strong>con-</strong></span> 
     </span>
     <span class='ocr_line' id='line_1_11' title="bbox 1147 1035 3051 1100; baseline 0.001 -4"><span class='ocrx_word' id='word_1_44' title='bbox 1147 1037 1372 1097; x_wconf 86' lang='lat' dir='ltr'><strong>sulares</strong></span> <span class='ocrx_word' id='word_1_45' title='bbox 1407 1037 1705 1100; x_wconf 78' lang='lat' dir='ltr'><strong>exereims</strong></span> <span class='ocrx_word' id='word_1_46' title='bbox 1742 1035 2009 1100; x_wconf 84' lang='lat' dir='ltr'><strong>conclusi</strong></span> <span class='ocrx_word' id='word_1_47' title='bbox 2044 1038 2411 1097; x_wconf 78' lang='lat' dir='ltr'><strong>tenebantur.</strong></span> <span class='ocrx_word' id='word_1_48' title='bbox 2494 1036 2775 1098; x_wconf 81' lang='lat' dir='ltr'><strong>Ceterum</strong></span> <span class='ocrx_word' id='word_1_49' title='bbox 2813 1037 3051 1099; x_wconf 81' lang='lat' dir='ltr'><strong>Roma-</strong></span> 
     </span>
     <span class='ocr_line' id='line_1_12' title="bbox 1149 1132 3051 1217; baseline 0.002 -24"><span class='ocrx_word' id='word_1_50' title='bbox 1149 1153 1260 1194; x_wconf 88' lang='lat' dir='ltr'><strong>nos</strong></span> <span class='ocrx_word' id='word_1_51' title='bbox 1299 1135 1510 1215; x_wconf 85' lang='lat' dir='ltr'><strong>partim</strong></span> <span class='ocrx_word' id='word_1_52' title='bbox 1543 1141 1819 1214; x_wconf 85' lang='lat' dir='ltr'><strong>aspectus</strong></span> <span class='ocrx_word' id='word_1_53' title='bbox 1854 1132 2108 1193; x_wconf 80' lang='lat' dir='ltr'><strong>virorum</strong></span> <span class='ocrx_word' id='word_1_54' title='bbox 2148 1135 2427 1205; x_wconf 80' lang='lat' dir='ltr'><strong>terrebat,</strong></span> <span class='ocrx_word' id='word_1_55' title='bbox 2454 1135 2559 1214; x_wconf 90' lang='lat' dir='ltr'><strong>qui</strong></span> <span class='ocrx_word' id='word_1_56' title='bbox 2602 1135 2829 1196; x_wconf 83' lang='lat' dir='ltr'><strong>eximia</strong></span> <span class='ocrx_word' id='word_1_57' title='bbox 2848 1137 3051 1217; x_wconf 89' lang='lat' dir='ltr'><strong>specie</strong></span> 
     </span>
     <span class='ocr_line' id='line_1_13' title="bbox 1147 1230 3049 1310; baseline 0.002 -20"><span class='ocrx_word' id='word_1_58' title='bbox 1147 1239 1212 1290; x_wconf 87' lang='lat' dir='ltr'><strong>et</strong></span> <span class='ocrx_word' id='word_1_59' title='bbox 1261 1230 1665 1310; x_wconf 74' lang='lat' dir='ltr'><strong>magnitudine</strong></span> <span class='ocrx_word' id='word_1_60' title='bbox 1716 1249 2025 1310; x_wconf 88' lang='lat' dir='ltr'><strong>corporum</strong></span> <span class='ocrx_word' id='word_1_61' title='bbox 2065 1231 2269 1310; x_wconf 83' lang='lat' dir='ltr'><strong>primis</strong></span> <span class='ocrx_word' id='word_1_62' title='bbox 2313 1233 2374 1290; x_wconf 92' lang='lat' dir='ltr'><strong>in</strong></span> <span class='ocrx_word' id='word_1_63' title='bbox 2420 1230 2726 1292; x_wconf 74' lang='lat' dir='ltr'><strong>ordinibus</strong></span> <span class='ocrx_word' id='word_1_64' title='bbox 2772 1233 3049 1302; x_wconf 80' lang='lat' dir='ltr'><strong>stabant3</strong></span> 
     </span>
     <span class='ocr_line' id='line_1_14' title="bbox 1149 1324 3051 1408; baseline 0.001 -20"><span class='ocrx_word' id='word_1_65' title='bbox 1149 1327 1364 1408; x_wconf 90' lang='lat' dir='ltr'><strong>partim</strong></span> <span class='ocrx_word' id='word_1_66' title='bbox 1403 1325 1484 1388; x_wconf 78' lang='lat' dir='ltr'><strong>ad</strong></span> <span class='ocrx_word' id='word_1_67' title='bbox 1528 1324 1905 1408; x_wconf 86' lang='lat' dir='ltr'><strong>pugnandum</strong></span> <span class='ocrx_word' id='word_1_68' title='bbox 1949 1326 2257 1398; x_wconf 88' lang='lat' dir='ltr'><strong>incitabat,</strong></span> <span class='ocrx_word' id='word_1_69' title='bbox 2302 1348 2419 1389; x_wconf 91' lang='lat' dir='ltr'><strong>non</strong></span> <span class='ocrx_word' id='word_1_70' title='bbox 2461 1327 2641 1388; x_wconf 88' lang='lat' dir='ltr'><strong>modo</strong></span> <span class='ocrx_word' id='word_1_71' title='bbox 2682 1328 2898 1400; x_wconf 83' lang='lat' dir='ltr'><strong>laudis,</strong></span> <span class='ocrx_word' id='word_1_72' title='bbox 2940 1327 3051 1390; x_wconf 85' lang='lat' dir='ltr'><strong>sed</strong></span> 
     </span>
     <span class='ocr_line' id='line_1_15' title="bbox 1147 1422 3047 1505; baseline 0 -21"><span class='ocrx_word' id='word_1_73' title='bbox 1147 1425 1325 1485; x_wconf 85' lang='lat' dir='ltr'><strong>etiam</strong></span> <span class='ocrx_word' id='word_1_74' title='bbox 1364 1424 1686 1505; x_wconf 86' lang='lat' dir='ltr'><strong>spoliorum</strong></span> <span class='ocrx_word' id='word_1_75' title='bbox 1724 1422 2001 1494; x_wconf 85' lang='lat' dir='ltr'><strong>dulcedo,</strong></span> <span class='ocrx_word' id='word_1_76' title='bbox 2040 1423 2202 1502; x_wconf 90' lang='lat' dir='ltr'><strong>quod</strong></span> <span class='ocrx_word' id='word_1_77' title='bbox 2242 1425 2392 1484; x_wconf 83' lang='lat' dir='ltr'><strong>inter</strong></span> <span class='ocrx_word' id='word_1_78' title='bbox 2433 1422 2751 1485; x_wconf 76' lang='lat' dir='ltr'><strong>Gallorum</strong></span> <span class='ocrx_word' id='word_1_79' title='bbox 2792 1426 3047 1505; x_wconf 86' lang='lat' dir='ltr'><strong>antesig-</strong></span> 
     </span>
     <span class='ocr_line' id='line_1_16' title="bbox 1149 1519 3045 1602; baseline 0.002 -22"><span class='ocrx_word' id='word_1_80' title='bbox 1149 1541 1334 1583; x_wconf 84' lang='lat' dir='ltr'><strong>nanos</strong></span> <span class='ocrx_word' id='word_1_81' title='bbox 1369 1529 1498 1582; x_wconf 80' lang='lat' dir='ltr'><strong>erat</strong></span> <span class='ocrx_word' id='word_1_82' title='bbox 1531 1539 1703 1580; x_wconf 90' lang='lat' dir='ltr'><strong>nemo</strong></span> <span class='ocrx_word' id='word_1_83' title='bbox 1744 1519 1888 1600; x_wconf 91' lang='lat' dir='ltr'><strong>quin</strong></span> <span class='ocrx_word' id='word_1_84' title='bbox 1927 1519 2244 1580; x_wconf 79' lang='lat' dir='ltr'><strong>maniacis&#39;</strong></span> <span class='ocrx_word' id='word_1_85' title='bbox 2288 1520 2649 1602; x_wconf 71' lang='lat' dir='ltr'><strong>armillisque</strong></span> <span class='ocrx_word' id='word_1_86' title='bbox 2696 1523 2889 1582; x_wconf 89' lang='lat' dir='ltr'><strong>aureis</strong></span> <span class='ocrx_word' id='word_1_87' title='bbox 2923 1521 3045 1583; x_wconf 81' lang='lat' dir='ltr'><strong>ful-</strong></span> 
     </span>
     <span class='ocr_line' id='line_1_17' title="bbox 1147 1627 1438 1697; baseline -0.007 -19"><span class='ocrx_word' id='word_1_88' title='bbox 1147 1627 1331 1697; x_wconf 69' lang='lat' dir='ltr'><strong>geret.</strong></span> <span class='ocrx_word' id='word_1_89' title='bbox 1427 1665 1438 1676; x_wconf 95' lang='lat'>.</span> 
     </span>
    </p>

    <p class='ocr_par' dir='ltr' id='par_1_7' title="bbox 1139 1711 3051 3140">
     <span class='ocr_line' id='line_1_18' title="bbox 1227 1711 3051 1794; baseline 0.001 -20"><span class='ocrx_word' id='word_1_90' title='bbox 1227 1721 1329 1774; x_wconf 81' lang='lat'><strong>42.</strong></span> <span class='ocrx_word' id='word_1_91' title='bbox 1375 1712 1663 1774; x_wconf 75' lang='lat' dir='ltr'><strong>conserto</strong></span> <span class='ocrx_word' id='word_1_92' title='bbox 1712 1713 1888 1792; x_wconf 84' lang='lat' dir='ltr'><strong>igitur</strong></span> <span class='ocrx_word' id='word_1_93' title='bbox 1946 1711 2172 1794; x_wconf 81' lang='lat' dir='ltr'><strong>praelio,</strong></span> <span class='ocrx_word' id='word_1_94' title='bbox 2227 1712 2467 1772; x_wconf 88' lang='lat' dir='ltr'><strong>immissi</strong></span> <span class='ocrx_word' id='word_1_95' title='bbox 2526 1713 2777 1794; x_wconf 89' lang='lat' dir='ltr'><strong>primum</strong></span> <span class='ocrx_word' id='word_1_96' title='bbox 2835 1713 3051 1776; x_wconf 80' lang='lat' dir='ltr'><strong>velites</strong></span> 
     </span>
     <span class='ocr_line' id='line_1_19' title="bbox 1145 1807 3044 1890; baseline 0.001 -19"><span class='ocrx_word' id='word_1_97' title='bbox 1145 1811 1464 1871; x_wconf 84' lang='lat' dir='ltr'><strong>maximam</strong></span> <span class='ocrx_word' id='word_1_98' title='bbox 1507 1809 1761 1869; x_wconf 87' lang='lat' dir='ltr'><strong>hostium</strong></span> <span class='ocrx_word' id='word_1_99' title='bbox 1803 1807 2039 1870; x_wconf 84' lang='lat' dir='ltr'><strong>edidere</strong></span> <span class='ocrx_word' id='word_1_100' title='bbox 2084 1807 2330 1880; x_wconf 81' lang='lat' dir='ltr'><strong>caedem,</strong></span> <span class='ocrx_word' id='word_1_101' title='bbox 2375 1810 2695 1890; x_wconf 68' lang='lat' dir='ltr'><strong>praesertim</strong></span> <span class='ocrx_word' id='word_1_102' title='bbox 2740 1811 2845 1871; x_wconf 90' lang='lat' dir='ltr'><strong>ubi</strong></span> <span class='ocrx_word' id='word_1_103' title='bbox 2898 1809 3044 1873; x_wconf 66' lang='lat' dir='ltr'><strong>Ga-</strong></span> 
     </span>
     <span class='ocr_line' id='line_1_20' title="bbox 1140 1904 3045 1988; baseline 0.001 -21"><span class='ocrx_word' id='word_1_104' title='bbox 1140 1917 1288 1967; x_wconf 80' lang='lat' dir='ltr'><strong>satae</strong></span> <span class='ocrx_word' id='word_1_105' title='bbox 1326 1907 1691 1988; x_wconf 84' lang='lat' dir='ltr'><strong>pugnabant,</strong></span> <span class='ocrx_word' id='word_1_106' title='bbox 1717 1906 1819 1986; x_wconf 89' lang='lat' dir='ltr'><strong>qui</strong></span> <span class='ocrx_word' id='word_1_107' title='bbox 1860 1925 1967 1986; x_wconf 87' lang='lat' dir='ltr'><strong>per</strong></span> <span class='ocrx_word' id='word_1_108' title='bbox 2005 1904 2284 1966; x_wconf 82' lang='lat' dir='ltr'><strong>ferociam</strong></span> <span class='ocrx_word' id='word_1_109' title='bbox 2322 1915 2386 1966; x_wconf 90' lang='lat' dir='ltr'><strong>et</strong></span> <span class='ocrx_word' id='word_1_110' title='bbox 2426 1907 2741 1968; x_wconf 89' lang='lat' dir='ltr'><strong>barbaram</strong></span> <span class='ocrx_word' id='word_1_111' title='bbox 2782 1915 3045 1968; x_wconf 86' lang='lat' dir='ltr'><strong>ostenta-</strong></span> 
     </span>
     <span class='ocr_line' id='line_1_21' title="bbox 1141 2001 3043 2084; baseline 0.001 -21"><span class='ocrx_word' id='word_1_112' title='bbox 1141 2004 1382 2076; x_wconf 78' lang='lat' dir='ltr'><strong>tionem,</strong></span> <span class='ocrx_word' id='word_1_113' title='bbox 1407 2003 1659 2083; x_wconf 84' lang='lat' dir='ltr'><strong>abjectis</strong></span> <span class='ocrx_word' id='word_1_114' title='bbox 1680 2002 1964 2074; x_wconf 57' lang='lat' dir='ltr'><strong>vestibus,</strong></span> <span class='ocrx_word' id='word_1_115' title='bbox 1991 2001 2131 2061; x_wconf 88' lang='lat' dir='ltr'><strong>nudi</strong></span> <span class='ocrx_word' id='word_1_116' title='bbox 2171 2010 2308 2062; x_wconf 87' lang='lat' dir='ltr'><strong>ante</strong></span> <span class='ocrx_word' id='word_1_117' title='bbox 2343 2003 2535 2084; x_wconf 85' lang='lat' dir='ltr'><strong>prima</strong></span> <span class='ocrx_word' id='word_1_118' title='bbox 2557 2005 2727 2083; x_wconf 83' lang='lat' dir='ltr'><strong>signa</strong></span> <span class='ocrx_word' id='word_1_119' title='bbox 2760 2004 3043 2065; x_wconf 85' lang='lat' dir='ltr'><strong>constite-</strong></span> 
     </span>
     <span class='ocr_line' id='line_1_22' title="bbox 1141 2097 3044 2180; baseline 0.001 -20"><span class='ocrx_word' id='word_1_120' title='bbox 1141 2109 1294 2160; x_wconf 80' lang='lat' dir='ltr'><strong>rant.</strong></span> <span class='ocrx_word' id='word_1_121' title='bbox 1354 2098 1510 2160; x_wconf 82' lang='lat' dir='ltr'><strong>Cum</strong></span> <span class='ocrx_word' id='word_1_122' title='bbox 1529 2100 1688 2159; x_wconf 90' lang='lat' dir='ltr'><strong>enim</strong></span> <span class='ocrx_word' id='word_1_123' title='bbox 1703 2106 1931 2159; x_wconf 88' lang='lat' dir='ltr'><strong>scutum</strong></span> <span class='ocrx_word' id='word_1_124' title='bbox 1951 2097 2259 2159; x_wconf 85' lang='lat' dir='ltr'><strong>Gallicum</strong></span> <span class='ocrx_word' id='word_1_125' title='bbox 2274 2099 2639 2180; x_wconf 84' lang='lat' dir='ltr'><strong>praelongum</strong></span> <span class='ocrx_word' id='word_1_126' title='bbox 2652 2109 2715 2160; x_wconf 93' lang='lat' dir='ltr'><strong>et</strong></span> <span class='ocrx_word' id='word_1_127' title='bbox 2730 2109 3044 2179; x_wconf 83' lang='lat' dir='ltr'><strong>angustum</strong></span> 
     </span>
     <span class='ocr_line' id='line_1_23' title="bbox 1141 2195 3047 2278; baseline 0 -21"><span class='ocrx_word' id='word_1_128' title='bbox 1141 2215 1258 2257; x_wconf 92' lang='lat' dir='ltr'><strong>non</strong></span> <span class='ocrx_word' id='word_1_129' title='bbox 1279 2198 1461 2278; x_wconf 78' lang='lat' dir='ltr'><strong>possit</strong></span> <span class='ocrx_word' id='word_1_130' title='bbox 1477 2217 1689 2277; x_wconf 88' lang='lat' dir='ltr'><strong>corpus</strong></span> <span class='ocrx_word' id='word_1_131' title='bbox 1706 2196 2001 2273; x_wconf 76' lang='lat' dir='ltr'><strong>obtegere,</strong></span> <span class='ocrx_word' id='word_1_132' title='bbox 2018 2203 2302 2274; x_wconf 87' lang='lat' dir='ltr'><strong>tanquam</strong></span> <span class='ocrx_word' id='word_1_133' title='bbox 2320 2195 2593 2276; x_wconf 85' lang='lat' dir='ltr'><strong>exposita</strong></span> <span class='ocrx_word' id='word_1_134' title='bbox 2601 2196 3047 2275; x_wconf 86' lang='lat' dir='ltr'><strong>jaculatoribus</strong></span> 
     </span>
     <span class='ocr_line' id='line_1_24' title="bbox 1139 2291 3045 2374; baseline -0.001 -20"><span class='ocrx_word' id='word_1_135' title='bbox 1139 2295 1328 2372; x_wconf 88' lang='lat' dir='ltr'><strong>signa,</strong></span> <span class='ocrx_word' id='word_1_136' title='bbox 1353 2295 1526 2354; x_wconf 88' lang='lat' dir='ltr'><strong>certis</strong></span> <span class='ocrx_word' id='word_1_137' title='bbox 1551 2293 1767 2353; x_wconf 87' lang='lat' dir='ltr'><strong>ictibus</strong></span> <span class='ocrx_word' id='word_1_138' title='bbox 1792 2293 2177 2373; x_wconf 74' lang='lat' dir='ltr'><strong>petebantur:</strong></span> <span class='ocrx_word' id='word_1_139' title='bbox 2220 2291 2632 2372; x_wconf 81' lang='lat' dir='ltr'><strong>cadebantque</strong></span> <span class='ocrx_word' id='word_1_140' title='bbox 2660 2292 2858 2365; x_wconf 89' lang='lat' dir='ltr'><strong>inulti,</strong></span> <span class='ocrx_word' id='word_1_141' title='bbox 2880 2293 3045 2374; x_wconf 86' lang='lat' dir='ltr'><strong>quod</strong></span> 
     </span>
     <span class='ocr_line' id='line_1_25' title="bbox 1141 2388 3041 2471; baseline 0 -21"><span class='ocrx_word' id='word_1_142' title='bbox 1141 2410 1330 2471; x_wconf 89' lang='lat' dir='ltr'><strong>neque</strong></span> <span class='ocrx_word' id='word_1_143' title='bbox 1355 2390 1528 2450; x_wconf 80' lang='lat' dir='ltr'><strong>ferire</strong></span> <span class='ocrx_word' id='word_1_144' title='bbox 1553 2390 1779 2450; x_wconf 88' lang='lat' dir='ltr'><strong>hostem</strong></span> <span class='ocrx_word' id='word_1_145' title='bbox 1796 2388 2026 2448; x_wconf 88' lang='lat' dir='ltr'><strong>eminus</strong></span> <span class='ocrx_word' id='word_1_146' title='bbox 2050 2397 2340 2470; x_wconf 87' lang='lat' dir='ltr'><strong>poterant,</strong></span> <span class='ocrx_word' id='word_1_147' title='bbox 2360 2408 2551 2469; x_wconf 89' lang='lat' dir='ltr'><strong>neque</strong></span> <span class='ocrx_word' id='word_1_148' title='bbox 2571 2398 2841 2450; x_wconf 82' lang='lat' dir='ltr'><strong>conserta</strong></span> <span class='ocrx_word' id='word_1_149' title='bbox 2860 2410 3041 2451; x_wconf 87' lang='lat' dir='ltr'><strong>manu</strong></span> 
     </span>
     <span class='ocr_line' id='line_1_26' title="bbox 1139 2485 3041 2569; baseline 0.001 -23"><span class='ocrx_word' id='word_1_150' title='bbox 1139 2487 1385 2569; x_wconf 77' lang='lat' dir='ltr'><strong>pugnari</strong></span> <span class='ocrx_word' id='word_1_151' title='bbox 1427 2505 1626 2546; x_wconf 91' lang='lat' dir='ltr'><strong>secum</strong></span> <span class='ocrx_word' id='word_1_152' title='bbox 1666 2485 1817 2545; x_wconf 88' lang='lat' dir='ltr'><strong>levis</strong></span> <span class='ocrx_word' id='word_1_153' title='bbox 1860 2493 2155 2546; x_wconf 87' lang='lat' dir='ltr'><strong>armatura</strong></span> <span class='ocrx_word' id='word_1_154' title='bbox 2190 2486 2561 2566; x_wconf 82' lang='lat' dir='ltr'><strong>patiebatur:</strong></span> <span class='ocrx_word' id='word_1_155' title='bbox 2603 2505 2726 2566; x_wconf 86' lang='lat' dir='ltr'><strong>qua</strong></span> <span class='ocrx_word' id='word_1_156' title='bbox 2762 2485 3041 2567; x_wconf 80' lang='lat' dir='ltr'><strong>despera-</strong></span> 
     </span>
     <span class='ocr_line' id='line_1_27' title="bbox 1139 2581 3045 2666; baseline -0.001 -21"><span class='ocrx_word' id='word_1_157' title='bbox 1139 2585 1302 2646; x_wconf 83' lang='lat' dir='ltr'><strong>tione</strong></span> <span class='ocrx_word' id='word_1_158' title='bbox 1327 2603 1462 2666; x_wconf 86' lang='lat' dir='ltr'><strong>pars</strong></span> <span class='ocrx_word' id='word_1_159' title='bbox 1488 2591 1703 2644; x_wconf 86' lang='lat' dir='ltr'><strong>temere</strong></span> <span class='ocrx_word' id='word_1_160' title='bbox 1728 2583 1792 2643; x_wconf 90' lang='lat' dir='ltr'><strong>in</strong></span> <span class='ocrx_word' id='word_1_161' title='bbox 1816 2581 2040 2643; x_wconf 88' lang='lat' dir='ltr'><strong>hostem</strong></span> <span class='ocrx_word' id='word_1_162' title='bbox 2066 2591 2319 2655; x_wconf 90' lang='lat' dir='ltr'><strong>ruentes,</strong></span> <span class='ocrx_word' id='word_1_163' title='bbox 2346 2583 2686 2664; x_wconf 79' lang='lat' dir='ltr'><strong>priusquam</strong></span> <span class='ocrx_word' id='word_1_164' title='bbox 2716 2581 2795 2643; x_wconf 86' lang='lat' dir='ltr'><strong>ad</strong></span> <span class='ocrx_word' id='word_1_165' title='bbox 2833 2603 3045 2645; x_wconf 82' lang='lat' dir='ltr'><strong>manus</strong></span> 
     </span>
     <span class='ocr_line' id='line_1_28' title="bbox 1139 2678 3041 2753; baseline -0.001 -11"><span class='ocrx_word' id='word_1_166' title='bbox 1139 2682 1430 2753; x_wconf 76' lang='lat' dir='ltr'><strong>venirent,</strong></span> <span class='ocrx_word' id='word_1_167' title='bbox 1469 2680 1789 2741; x_wconf 86' lang='lat' dir='ltr'><strong>missilibus</strong></span> <span class='ocrx_word' id='word_1_168' title='bbox 1824 2678 2077 2740; x_wconf 85' lang='lat' dir='ltr'><strong>confossi</strong></span> <span class='ocrx_word' id='word_1_169' title='bbox 2118 2679 2563 2740; x_wconf 83' lang='lat' dir='ltr'><strong>sternebantur:</strong></span> <span class='ocrx_word' id='word_1_170' title='bbox 2608 2680 2787 2740; x_wconf 89' lang='lat' dir='ltr'><strong>ceteri</strong></span> <span class='ocrx_word' id='word_1_171' title='bbox 2822 2683 3041 2741; x_wconf 84' lang='lat' dir='ltr'><strong>sensim</strong></span> 
     </span>
     <span class='ocr_line' id='line_1_29' title="bbox 1141 2776 3045 2857; baseline -0.001 -18"><span class='ocrx_word' id='word_1_172' title='bbox 1141 2778 1456 2839; x_wconf 86' lang='lat' dir='ltr'><strong>referentes</strong></span> <span class='ocrx_word' id='word_1_173' title='bbox 1501 2776 1773 2857; x_wconf 83' lang='lat' dir='ltr'><strong>gradum,</strong></span> <span class='ocrx_word' id='word_1_174' title='bbox 1822 2796 2055 2836; x_wconf 89' lang='lat' dir='ltr'><strong>suorum</strong></span> <span class='ocrx_word' id='word_1_175' title='bbox 2106 2777 2531 2857; x_wconf 83' lang='lat' dir='ltr'><strong>perturbabant</strong></span> <span class='ocrx_word' id='word_1_176' title='bbox 2580 2776 2830 2838; x_wconf 82' lang='lat' dir='ltr'><strong>ordines.</strong></span> <span class='ocrx_word' id='word_1_177' title='bbox 2940 2777 3045 2839; x_wconf 83' lang='lat' dir='ltr'><strong>Ita</strong></span> 
     </span>
     <span class='ocr_line' id='line_1_30' title="bbox 1143 2872 3042 2954; baseline -0.001 -18"><span class='ocrx_word' id='word_1_178' title='bbox 1143 2874 1519 2936; x_wconf 76' lang='lat' dir='ltr'><strong>Gaesatarum</strong></span> <span class='ocrx_word' id='word_1_179' title='bbox 1571 2875 1701 2935; x_wconf 89' lang='lat' dir='ltr'><strong>acie</strong></span> <span class='ocrx_word' id='word_1_180' title='bbox 1750 2894 1854 2954; x_wconf 90' lang='lat' dir='ltr'><strong>per</strong></span> <span class='ocrx_word' id='word_1_181' title='bbox 1904 2872 2124 2939; x_wconf 63' lang='lat' dir='ltr'><strong>velites,</strong></span> <span class='ocrx_word' id='word_1_182' title='bbox 2165 2872 2439 2952; x_wconf 85' lang='lat' dir='ltr'><strong>disjecta,</strong></span> <span class='ocrx_word' id='word_1_183' title='bbox 2486 2873 2681 2952; x_wconf 79' lang='lat' dir='ltr'><strong>gravis</strong></span> <span class='ocrx_word' id='word_1_184' title='bbox 2726 2882 3042 2935; x_wconf 65' lang='lat' dir='ltr'><strong>armatura</strong></span> 
     </span>
     <span class='ocr_line' id='line_1_31' title="bbox 1141 2968 3041 3052; baseline 0.001 -21"><span class='ocrx_word' id='word_1_185' title='bbox 1141 2972 1312 3033; x_wconf 87' lang='lat' dir='ltr'><strong>miles</strong></span> <span class='ocrx_word' id='word_1_186' title='bbox 1347 2972 1532 3033; x_wconf 83' lang='lat' dir='ltr'><strong>Boios</strong></span> <span class='ocrx_word' id='word_1_187' title='bbox 1571 2971 1967 3052; x_wconf 88' lang='lat' dir='ltr'><strong>Insubresque</strong></span> <span class='ocrx_word' id='word_1_188' title='bbox 1997 2990 2070 3031; x_wconf 90' lang='lat' dir='ltr'><strong>ac</strong></span> <span class='ocrx_word' id='word_1_189' title='bbox 2102 2968 2413 3031; x_wconf 81' lang='lat' dir='ltr'><strong>Tauriscos</strong></span> <span class='ocrx_word' id='word_1_190' title='bbox 2450 2969 2830 3051; x_wconf 81' lang='lat' dir='ltr'><strong>undiquaque</strong></span> <span class='ocrx_word' id='word_1_191' title='bbox 2864 2970 3041 3032; x_wconf 85' lang='lat' dir='ltr'><strong>ador-</strong></span> 
     </span>
     <span class='ocr_line' id='line_1_32' title="bbox 1141 3067 1833 3140; baseline 0 -11"><span class='ocrx_word' id='word_1_192' title='bbox 1141 3070 1257 3140; x_wconf 82' lang='lat' dir='ltr'><strong>tus,</strong></span> <span class='ocrx_word' id='word_1_193' title='bbox 1282 3068 1500 3129; x_wconf 85' lang='lat' dir='ltr'><strong>multos</strong></span> <span class='ocrx_word' id='word_1_194' title='bbox 1521 3067 1833 3129; x_wconf 83' lang='lat' dir='ltr'><strong>interfecit.</strong></span> 
     </span>
    </p>

    <p class='ocr_par' dir='ltr' id='par_1_8' title="bbox 1125 3160 3039 4215">
     <span class='ocr_line' id='line_1_33' title="bbox 1220 3160 3037 3241; baseline -0.002 -16"><span class='ocrx_word' id='word_1_195' title='bbox 1220 3171 1322 3225; x_wconf 78' lang='lat'><strong>43.</strong></span> <span class='ocrx_word' id='word_1_196' title='bbox 1365 3165 1620 3225; x_wconf 84' lang='lat' dir='ltr'><strong>Stabant</strong></span> <span class='ocrx_word' id='word_1_197' title='bbox 1658 3172 1857 3224; x_wconf 86' lang='lat' dir='ltr'><strong>tamen</strong></span> <span class='ocrx_word' id='word_1_198' title='bbox 1889 3162 2190 3224; x_wconf 86' lang='lat' dir='ltr'><strong>offirmatis</strong></span> <span class='ocrx_word' id='word_1_199' title='bbox 2214 3162 2445 3234; x_wconf 87' lang='lat' dir='ltr'><strong>animis,</strong></span> <span class='ocrx_word' id='word_1_200' title='bbox 2472 3180 2663 3241; x_wconf 90' lang='lat' dir='ltr'><strong>neque</strong></span> <span class='ocrx_word' id='word_1_201' title='bbox 2685 3160 2814 3223; x_wconf 90' lang='lat' dir='ltr'><strong>ulla</strong></span> <span class='ocrx_word' id='word_1_202' title='bbox 2848 3182 2912 3222; x_wconf 94' lang='lat' dir='ltr'><strong>re</strong></span> <span class='ocrx_word' id='word_1_203' title='bbox 2940 3162 3037 3221; x_wconf 92' lang='lat' dir='ltr'><strong>in-</strong></span> 
     </span>
     <span class='ocr_line' id='line_1_34' title="bbox 1125 3258 3039 3341; baseline 0.001 -23"><span class='ocrx_word' id='word_1_204' title='bbox 1125 3261 1397 3334; x_wconf 64' lang='lat' dir='ltr'><strong>feriores,</strong></span> <span class='ocrx_word' id='word_1_205' title='bbox 1425 3262 1538 3322; x_wconf 87' lang='lat' dir='ltr'><strong>nisi</strong></span> <span class='ocrx_word' id='word_1_206' title='bbox 1561 3261 1722 3341; x_wconf 89' lang='lat' dir='ltr'><strong>quod</strong></span> <span class='ocrx_word' id='word_1_207' title='bbox 1746 3280 2039 3320; x_wconf 88' lang='lat' dir='ltr'><strong>armorum</strong></span> <span class='ocrx_word' id='word_1_208' title='bbox 2064 3280 2273 3339; x_wconf 78' lang='lat' dir='ltr'><strong>genere</strong></span> <span class='ocrx_word' id='word_1_209' title='bbox 2299 3259 2707 3331; x_wconf 84' lang='lat' dir='ltr'><strong>vincebantur,</strong></span> <span class='ocrx_word' id='word_1_210' title='bbox 2736 3278 2929 3340; x_wconf 90' lang='lat' dir='ltr'><strong>neque</strong></span> <span class='ocrx_word' id='word_1_211' title='bbox 2958 3258 3039 3319; x_wconf 87' lang='lat' dir='ltr'><strong>ad</strong></span> 
     </span>
     <span class='ocr_line' id='line_1_35' title="bbox 1141 3354 3039 3438; baseline -0.001 -19"><span class='ocrx_word' id='word_1_212' title='bbox 1141 3357 1516 3419; x_wconf 89' lang='lat' dir='ltr'><strong>muniendum</strong></span> <span class='ocrx_word' id='word_1_213' title='bbox 1555 3378 1769 3437; x_wconf 89' lang='lat' dir='ltr'><strong>corpus</strong></span> <span class='ocrx_word' id='word_1_214' title='bbox 1806 3364 1943 3437; x_wconf 88' lang='lat' dir='ltr'><strong>apte</strong></span> <span class='ocrx_word' id='word_1_215' title='bbox 1978 3355 2267 3427; x_wconf 88' lang='lat' dir='ltr'><strong>instructi,</strong></span> <span class='ocrx_word' id='word_1_216' title='bbox 2294 3376 2484 3437; x_wconf 89' lang='lat' dir='ltr'><strong>neque</strong></span> <span class='ocrx_word' id='word_1_217' title='bbox 2523 3354 2601 3415; x_wconf 84' lang='lat' dir='ltr'><strong>ad</strong></span> <span class='ocrx_word' id='word_1_218' title='bbox 2640 3356 2867 3417; x_wconf 87' lang='lat' dir='ltr'><strong>hostem</strong></span> <span class='ocrx_word' id='word_1_219' title='bbox 2900 3376 3039 3438; x_wconf 86' lang='lat' dir='ltr'><strong>per-</strong></span> 
     </span>
     <span class='ocr_line' id='line_1_36' title="bbox 1139 3450 3038 3534; baseline -0.002 -17"><span class='ocrx_word' id='word_1_220' title='bbox 1139 3455 1512 3517; x_wconf 89' lang='lat' dir='ltr'><strong>cutiendum:</strong></span> <span class='ocrx_word' id='word_1_221' title='bbox 1555 3453 1788 3534; x_wconf 87' lang='lat' dir='ltr'><strong>gladius</strong></span> <span class='ocrx_word' id='word_1_222' title='bbox 1812 3453 1967 3513; x_wconf 91' lang='lat' dir='ltr'><strong>enim</strong></span> <span class='ocrx_word' id='word_1_223' title='bbox 1994 3451 2269 3513; x_wconf 85' lang='lat' dir='ltr'><strong>Gallicus</strong></span> <span class='ocrx_word' id='word_1_224' title='bbox 2292 3461 2521 3513; x_wconf 88' lang='lat' dir='ltr'><strong>tantum</strong></span> <span class='ocrx_word' id='word_1_225' title='bbox 2560 3450 2638 3511; x_wconf 84' lang='lat' dir='ltr'><strong>ad</strong></span> <span class='ocrx_word' id='word_1_226' title='bbox 2678 3472 2803 3513; x_wconf 88' lang='lat' dir='ltr'><strong>rem</strong></span> <span class='ocrx_word' id='word_1_227' title='bbox 2836 3453 3038 3513; x_wconf 80' lang='lat' dir='ltr'><strong>caesim</strong></span> 
     </span>
     <span class='ocr_line' id='line_1_37' title="bbox 1139 3547 3035 3633; baseline -0.002 -21"><span class='ocrx_word' id='word_1_228' title='bbox 1139 3552 1454 3633; x_wconf 88' lang='lat' dir='ltr'><strong>gerendam</strong></span> <span class='ocrx_word' id='word_1_229' title='bbox 1484 3549 1979 3621; x_wconf 85' lang='lat' dir='ltr'><strong>accommodatus,</strong></span> <span class='ocrx_word' id='word_1_230' title='bbox 2006 3568 2340 3610; x_wconf 88' lang='lat' dir='ltr'><strong>mucronem</strong></span> <span class='ocrx_word' id='word_1_231' title='bbox 2372 3547 2647 3611; x_wconf 86' lang='lat' dir='ltr'><strong>idoneum</strong></span> <span class='ocrx_word' id='word_1_232' title='bbox 2672 3568 2792 3610; x_wconf 90' lang='lat' dir='ltr'><strong>non</strong></span> <span class='ocrx_word' id='word_1_233' title='bbox 2814 3549 3035 3609; x_wconf 86' lang='lat' dir='ltr'><strong>habet:</strong></span> 
     </span>
     <span class='ocr_line' id='line_1_38' title="bbox 1137 3647 3037 3731; baseline -0.001 -22"><span class='ocrx_word' id='word_1_234' title='bbox 1137 3659 1420 3731; x_wconf 64' lang='lat' dir='ltr'><strong>praeterea</strong></span> <span class='ocrx_word' id='word_1_235' title='bbox 1458 3650 1537 3710; x_wconf 87' lang='lat' dir='ltr'><strong>ad</strong></span> <span class='ocrx_word' id='word_1_236' title='bbox 1577 3650 1827 3730; x_wconf 89' lang='lat' dir='ltr'><strong>primum</strong></span> <span class='ocrx_word' id='word_1_237' title='bbox 1868 3647 2051 3707; x_wconf 89' lang='lat' dir='ltr'><strong>ictum</strong></span> <span class='ocrx_word' id='word_1_238' title='bbox 2090 3647 2445 3718; x_wconf 81' lang='lat' dir='ltr'><strong>incurvatur,</strong></span> <span class='ocrx_word' id='word_1_239' title='bbox 2472 3654 2899 3727; x_wconf 82' lang='lat' dir='ltr'><strong>sequentesque</strong></span> <span class='ocrx_word' id='word_1_240' title='bbox 2926 3666 3037 3728; x_wconf 85' lang='lat' dir='ltr'><strong>pa-</strong></span> 
     </span>
     <span class='ocr_line' id='line_1_39' title="bbox 1137 3740 3035 3825; baseline -0.001 -19"><span class='ocrx_word' id='word_1_241' title='bbox 1137 3766 1265 3806; x_wconf 88' lang='lat' dir='ltr'><strong>rum</strong></span> <span class='ocrx_word' id='word_1_242' title='bbox 1305 3746 1570 3807; x_wconf 85' lang='lat' dir='ltr'><strong>efficaces</strong></span> <span class='ocrx_word' id='word_1_243' title='bbox 1609 3745 1812 3816; x_wconf 86' lang='lat' dir='ltr'><strong>habet,</strong></span> <span class='ocrx_word' id='word_1_244' title='bbox 1852 3743 1961 3803; x_wconf 89' lang='lat' dir='ltr'><strong>nisi</strong></span> <span class='ocrx_word' id='word_1_245' title='bbox 2008 3741 2159 3825; x_wconf 88' lang='lat' dir='ltr'><strong>pede</strong></span> <span class='ocrx_word' id='word_1_246' title='bbox 2202 3762 2431 3823; x_wconf 85' lang='lat' dir='ltr'><strong>pressus</strong></span> <span class='ocrx_word' id='word_1_247' title='bbox 2474 3743 2683 3803; x_wconf 88' lang='lat' dir='ltr'><strong>iterum</strong></span> <span class='ocrx_word' id='word_1_248' title='bbox 2727 3740 3035 3823; x_wconf 82' lang='lat' dir='ltr'><strong>dirigatur.</strong></span> 
     </span>
     <span class='ocr_line' id='line_1_40' title="bbox 1141 3838 3033 3925; baseline -0.001 -22"><span class='ocrx_word' id='word_1_249' title='bbox 1141 3842 1454 3924; x_wconf 47' lang='lat' dir='ltr'><strong>Eventum·</strong></span> <span class='ocrx_word' id='word_1_250' title='bbox 1471 3842 1681 3925; x_wconf 82' lang='lat' dir='ltr'><strong>praelii,</strong></span> <span class='ocrx_word' id='word_1_251' title='bbox 1708 3840 1927 3902; x_wconf 92' lang='lat' dir='ltr'><strong>cumin</strong></span> <span class='ocrx_word' id='word_1_252' title='bbox 1952 3839 2191 3901; x_wconf 85' lang='lat' dir='ltr'><strong>meliore</strong></span> <span class='ocrx_word' id='word_1_253' title='bbox 2215 3860 2318 3920; x_wconf 88' lang='lat' dir='ltr'><strong>spe</strong></span> <span class='ocrx_word' id='word_1_254' title='bbox 2344 3838 2607 3899; x_wconf 85' lang='lat' dir='ltr'><strong>Romani</strong></span> <span class='ocrx_word' id='word_1_255' title='bbox 2632 3846 2843 3911; x_wconf 72' lang='lat' dir='ltr'><strong>essent,</strong></span> <span class='ocrx_word' id='word_1_256' title='bbox 2870 3840 3033 3901; x_wconf 83' lang='lat' dir='ltr'><strong>haud</strong></span> 
     </span>
     <span class='ocr_line' id='line_1_41' title="bbox 1135 3933 3033 4019; baseline -0.002 -20"><span class='ocrx_word' id='word_1_257' title='bbox 1135 3938 1380 4000; x_wconf 88' lang='lat' dir='ltr'><strong>dubium</strong></span> <span class='ocrx_word' id='word_1_258' title='bbox 1423 3940 1568 4001; x_wconf 88' lang='lat' dir='ltr'><strong>fecit</strong></span> <span class='ocrx_word' id='word_1_259' title='bbox 1607 3938 1873 4019; x_wconf 89' lang='lat' dir='ltr'><strong>equitum</strong></span> <span class='ocrx_word' id='word_1_260' title='bbox 1914 3936 2156 4007; x_wconf 86' lang='lat' dir='ltr'><strong>reditus,</strong></span> <span class='ocrx_word' id='word_1_261' title='bbox 2198 3937 2324 4016; x_wconf 91' lang='lat' dir='ltr'><strong>qui,</strong></span> <span class='ocrx_word' id='word_1_262' title='bbox 2368 3933 2611 3995; x_wconf 80' lang='lat' dir='ltr'><strong>Gallico</strong></span> <span class='ocrx_word' id='word_1_263' title='bbox 2652 3936 2921 4016; x_wconf 85' lang='lat' dir='ltr'><strong>equitatu</strong></span> <span class='ocrx_word' id='word_1_264' title='bbox 2968 3937 3033 3997; x_wconf 90' lang='lat' dir='ltr'><strong>in</strong></span> 
     </span>
     <span class='ocr_line' id='line_1_42' title="bbox 1133 4030 3035 4117; baseline -0.003 -21"><span class='ocrx_word' id='word_1_265' title='bbox 1133 4034 1336 4115; x_wconf 82' lang='lat' dir='ltr'><strong>fugam</strong></span> <span class='ocrx_word' id='word_1_266' title='bbox 1373 4034 1697 4117; x_wconf 88' lang='lat' dir='ltr'><strong>compulso,</strong></span> <span class='ocrx_word' id='word_1_267' title='bbox 1738 4055 1819 4095; x_wconf 84' lang='lat' dir='ltr'><strong>ex</strong></span> <span class='ocrx_word' id='word_1_268' title='bbox 1860 4031 2013 4094; x_wconf 90' lang='lat' dir='ltr'><strong>colle</strong></span> <span class='ocrx_word' id='word_1_269' title='bbox 2052 4032 2447 4104; x_wconf 88' lang='lat' dir='ltr'><strong>decurrentes,</strong></span> <span class='ocrx_word' id='word_1_270' title='bbox 2490 4032 2549 4091; x_wconf 90' lang='lat' dir='ltr'><strong>in</strong></span> <span class='ocrx_word' id='word_1_271' title='bbox 2584 4030 2741 4091; x_wconf 85' lang='lat' dir='ltr'><strong>latus</strong></span> <span class='ocrx_word' id='word_1_272' title='bbox 2778 4032 3035 4092; x_wconf 86' lang='lat' dir='ltr'><strong>hostium</strong></span> 
     </span>
     <span class='ocr_line' id='line_1_43' title="bbox 1133 4128 3033 4215; baseline -0.002 -23"><span class='ocrx_word' id='word_1_273' title='bbox 1133 4132 1566 4215; x_wconf 85' lang='lat' dir='ltr'><strong>impressionem</strong></span> <span class='ocrx_word' id='word_1_274' title='bbox 1605 4132 1890 4203; x_wconf 85' lang='lat' dir='ltr'><strong>fecerunt,</strong></span> <span class='ocrx_word' id='word_1_275' title='bbox 1916 4138 2083 4191; x_wconf 84' lang='lat' dir='ltr'><strong>tanto</strong></span> <span class='ocrx_word' id='word_1_276' title='bbox 2121 4130 2313 4189; x_wconf 89' lang='lat' dir='ltr'><strong>minus</strong></span> <span class='ocrx_word' id='word_1_277' title='bbox 2334 4128 2722 4199; x_wconf 84' lang='lat' dir='ltr'><strong>tolerabilem,</strong></span> <span class='ocrx_word' id='word_1_278' title='bbox 2750 4128 2913 4209; x_wconf 86' lang='lat' dir='ltr'><strong>quod</strong></span> <span class='ocrx_word' id='word_1_279' title='bbox 2952 4148 3033 4189; x_wconf 80' lang='lat' dir='ltr'><strong>ex</strong></span> 
     </span>
    </p>
   </div>
   <div class='ocr_carea' id='block_1_7' title="bbox 1132 4320 3031 4461">
    <p class='ocr_par' dir='ltr' id='par_1_9' title="bbox 1132 4320 3031 4461">
     <span class='ocr_line' id='line_1_44' title="bbox 1193 4320 3031 4393; baseline -0.004 -15"><span class='ocrx_word' id='word_1_280' title='bbox 1193 4332 1220 4361; x_wconf 78' lang='lat'><strong>¹·</strong></span> <span class='ocrx_word' id='word_1_281' title='bbox 1249 4326 1514 4393; x_wconf 70' lang='lat' dir='ltr'><strong>Mun-iacis]</strong></span> <span class='ocrx_word' id='word_1_282' title='bbox 1559 4324 1867 4378; x_wconf 75' lang='lat' dir='ltr'><strong>ornamenti</strong></span> <span class='ocrx_word' id='word_1_283' title='bbox 1898 4324 2041 4376; x_wconf 77' lang='lat' dir='ltr'><strong>aurei</strong></span> <span class='ocrx_word' id='word_1_284' title='bbox 2108 4338 2291 4375; x_wconf 82' lang='lat' dir='ltr'><strong>manns</strong></span> <span class='ocrx_word' id='word_1_285' title='bbox 2316 4322 2453 4375; x_wconf 71' lang='lat' dir='ltr'><strong>Gsm</strong></span> <span class='ocrx_word' id='word_1_286' title='bbox 2478 4320 2771 4385; x_wconf 73' lang='lat' dir='ltr'><strong>gestabant.</strong></span> <span class='ocrx_word' id='word_1_287' title='bbox 2827 4320 2915 4373; x_wconf 76' lang='lat' dir='ltr'><strong>Its</strong></span> <span class='ocrx_word' id='word_1_288' title='bbox 2937 4336 3031 4373; x_wconf 84' lang='lat' dir='ltr'><strong>ex-</strong></span> 
     </span>
     <span class='ocr_line' id='line_1_45' title="bbox 1132 4385 3031 4461; baseline -0.002 -18"><span class='ocrx_word' id='word_1_289' title='bbox 1132 4400 1418 4459; x_wconf 55' lang='lat' dir='ltr'><strong>tenua-est,</strong></span> <span class='ocrx_word' id='word_1_290' title='bbox 1437 4392 1576 4461; x_wconf 84' lang='lat' dir='ltr'><strong>qnod</strong></span> <span class='ocrx_word' id='word_1_291' title='bbox 1603 4393 1743 4447; x_wconf 77' lang='lat' dir='ltr'><strong>cirea</strong></span> <span class='ocrx_word' id='word_1_292' title='bbox 1772 4391 1956 4443; x_wconf 78' lang='lat' dir='ltr'><strong>collum</strong></span> <span class='ocrx_word' id='word_1_293' title='bbox 1986 4398 2042 4442; x_wconf 79' lang='lat' dir='ltr'><strong>ct</strong></span> <span class='ocrx_word' id='word_1_294' title='bbox 2110 4391 2260 4457; x_wconf 82' lang='lat' dir='ltr'><strong>ponit</strong></span> <span class='ocrx_word' id='word_1_295' title='bbox 2281 4388 2530 4456; x_wconf 80' lang='lat' dir='ltr'><strong>Polybius</strong></span> <span class='ocrx_word' id='word_1_296' title='bbox 2548 4385 2763 4454; x_wconf 67' lang='lat' dir='ltr'><strong>ipsam.</strong></span> <span class='ocrx_word' id='word_1_297' title='bbox 2780 4388 2864 4439; x_wconf 77' lang='lat'><strong>⁸1.</strong></span> <span class='ocrx_word' id='word_1_298' title='bbox 2886 4388 3031 4439; x_wconf 77' lang='lat' dir='ltr'><strong>cm.</strong></span> 
     </span>
    </p>
   </div>
  </div>
 </body>
</html>
