3300 5225
1341 152 1487 203 mn.
1533 150 1759 202 xxiv,
1804 153 1971 202 cn.
2012 134 2125 204 29.
2656 138 2831 207 2037

632 298 1102 385 Hippocrates
1129 298 1306 365 enim
1333 297 1618 365 finitima
1651 296 2019 384 provinciae
2048 296 2381 361 Romanae
2398 302 2421 333 ¹*
2450 296 2665 380 primo
2694 298 2832 363 fur-

629 404 792 469 tivis
819 401 1332 469 excursionibus
1363 408 1634 468 vastare
1664 401 1913 484 coepit:
1950 399 2216 476 deinde,
2240 418 2395 463 cum
2426 398 2512 464 ad
2542 400 2831 465 tuendos

629 504 971 569 sociorum
1001 522 1200 587 agros
1227 504 1510 569 missum
1541 504 1629 567 ab
1664 502 1897 585 Appio
1945 501 2336 586 praesidium
2376 508 2583 579 esset,
2614 502 2831 567 omni·

627 606 756 671 bus
807 606 1030 691 copiis
1077 607 1400 690 impetum
1442 607 1512 670 in
1570 606 1955 690 oppositam
2022 603 2387 669 stationem
2436 624 2587 669 cum
2642 605 2832 671 coede

627 708 988 774 multorum
1020 708 1204 775 fecit.
1292 707 1471 788 Quae
1499 726 1655 773 cum
1683 712 1904 771 essent
1930 707 2231 771 nuntiata
2262 706 2616 786 Marcello,
2642 706 2829 792 lega-

625 816 738 877 tos
768 810 1110 895 extemplo
1136 810 1514 895 Syracusas
1542 810 1753 887 misit,
1782 809 1903 895 qui
1929 808 2123 893 pacis
2149 807 2355 874 fidem
2381 816 2648 893 ruptam
2674 830 2829 876 esse

627 912 968 979 dicerent:
1011 932 1136 979 nec
1179 912 1344 977 belli
1387 910 1771 976 defuturam
1812 930 2113 994 unquam
2154 928 2459 989 causam,
2486 911 2621 977 nisi
2651 912 2831 997 Hip·

557 1056 566 1063 -
625 1020 942 1099 pocrates
980 1020 1183 1099 atque
1212 1013 1552 1098 Epicydes
1589 1032 1723 1079 non
1762 1014 1851 1079 ab
1898 1014 2251 1098 Syracusis
2280 1013 2503 1107 modo,
2532 1013 2653 1079 sed
2683 1020 2831 1081 tota

624 1117 866 1201 procul
895 1116 1156 1196 Sicilia,
1185 1118 1665 1199 ablegarentur.
1752 1115 2115 1202 Epicydes,
2144 1138 2223 1183 ne
2260 1124 2379 1183 aut
2409 1136 2567 1181 reus
2612 1119 2829 1185 crimi-

625 1220 740 1283 nis
779 1219 1082 1284 absentis
1135 1218 1361 1285 fratris
1422 1237 1725 1302 praesens
1764 1224 1961 1297 esset,
2003 1224 2121 1283 aut
2158 1218 2427 1284 deesset
2472 1238 2595 1303 pro
2637 1228 2829 1303 parte

627 1340 758 1385 sua
797 1320 1200 1386 concitando
1239 1321 1445 1399 bello,
1479 1320 1831 1405 profectus
1860 1325 1929 1386 et
1960 1321 2113 1405 ipse
2146 1321 2217 1386 in
2250 1321 2639 1401 Leontinos,
2668 1323 2830 1407 quia

625 1424 796 1488 satis
845 1442 964 1488 eos
1009 1421 1334 1487 adversus
1371 1422 1699 1506 populum
1744 1422 2129 1487 Romanum
2178 1423 2557 1489 concitatos
2598 1444 2827 1490 cerne-

624 1526 774 1602 bat,
819 1531 1117 1591 avertere
1163 1524 1363 1589 etiam
1417 1526 1505 1589 ab
1553 1523 1913 1610 Syracusis
1959 1526 2197 1610 coepit.
2286 1529 2307 1561 ‘
2340 1525 2523 1591 Nam
2566 1528 2663 1593 ita
2705 1548 2829 1594 eos

623 1646 872 1711 pacem
910 1628 1252 1713 pepigisse
1285 1646 1440 1691 cum
1473 1626 1827 1703 Romanis,
1858 1633 1955 1703 ut,
1990 1628 2403 1713 quicumque
2433 1630 2673 1713 populi
2700 1632 2825 1695 sub

623 1732 894 1813 regibus
921 1730 1228 1807 fuissent,
1259 1737 1330 1793 et
1367 1748 1514 1793 suae
1553 1727 1829 1793 ditionis
1857 1734 2079 1793 essent
2097 1750 2117 1811 3
2134 1730 2159 1767 ⁸
2188 1748 2309 1793 nec
2346 1730 2487 1815 Jam
2512 1732 2827 1799 libertate
2852 1800 2857 1807 ,

625 1838 980 1897 contentos
1009 1850 1185 1908 esse,
1207 1832 1339 1895 nisi
1359 1830 1567 1896 etiam
1589 1838 1863 1914 regnent
1882 1837 1907 1867 ²
1936 1836 2019 1895 a'c
2038 1830 2483 1897 dominentur.
2551 1833 2825 1900 Renun-

623 1933 930 1999 tiandum
971 1934 1176 2017 igitur
1203 1936 1304 1999 eis
1333 1952 1512 2010 esse,
1537 1932 1917 1997 Leontinos
1946 1950 2216 2018 quoque
2255 1953 2523 2019 aequum
2555 1955 2827 2003 censere

621 2036 876 2101 liberos
897 2057 1048 2102 esse
1066 2058 1085 2120 3
1103 2048 1126 2077 ⁶
1151 2038 1255 2101 vel
1277 2036 1458 2121 quod
1485 2036 1553 2100 in
1581 2035 1735 2100 solo
1760 2036 1943 2101 urbis
1974 2055 2117 2103 suae
2142 2043 2465 2121 tyrannus
2489 2039 2829 2117 ceciderit,

623 2138 741 2202 vel
771 2137 950 2222 quod
981 2140 1078 2203 ibi
1118 2139 1400 2223 primum
1439 2137 1939 2203 conclamatum
1983 2138 2070 2203 ad
2107 2139 2503 2218 libertatem,
2542 2141 2829 2207 relictis-

626 2258 766 2323 que
813 2241 1012 2326 regiis
1055 2239 1342 2304 ducibus
1370 2238 1755 2323 Syracusas
1784 2241 1876 2304 sit
1916 2260 2338 2307 concursum.
2426 2242 2671 2329 Itaque
2710 2252 2828 2309 aut

624 2342 1052 2407 eximendum
1080 2340 1150 2406 id
1180 2342 1264 2406 de
1297 2340 1548 2405 foedere
1579 2360 1761 2419 esse,
1789 2348 1911 2407 aut
1953 2342 2174 2425 legem
2212 2364 2358 2409 eam
2388 2344 2666 2411 foederis
2694 2366 2827 2411 nou

624 2440 1140 2527 accipiendam.’
1227 2442 1464 2506 Facile
1514 2442 1927 2508 multitudini
1978 2463 2405 2529 persuasum:
2450 2448 2825 2533 legatisque

625 2546 1238 2630 Syracusanorum,
1261 2550 1326 2609 et
1357 2544 1442 2609 de
1474 2544 1660 2609 caede
1688 2546 2001 2609 stationis
2024 2546 2347 2614 Romanae
2372 2551 2825 2634 querentibus,

623 2655 698 2716 et
731 2649 1216 2736 Hippocratem
1249 2654 1452 2732 atque
1471 2647 1839 2732 Epicydem
1870 2648 2057 2712 abire
2088 2669 2207 2712 seu
2234 2649 2514 2731 Locros,
2537 2671 2657 2716 seu
2688 2673 2826 2738 quo

627 2752 772 2818 alio
799 2753 1090 2829 mallent,
1121 2750 1488 2816 dummodo
1519 2749 1757 2815 Sicilia
1784 2749 2115 2829 cederent,
2148 2750 2567 2836 jubentibus,
2594 2755 2825 2820 feroci-

625 2863 735 2920 ter
783 2873 1175 2939 respousum
1223 2859 1366 2920 est‘:
1411 2857 1433 2887 ‘
1463 2851 1713 2936 Neque
1753 2851 2117 2918 mandasse
2162 2874 2315 2920 sese
2360 2855 2826 2940 SyracusaniS,

621 2964 703 3022 ut
730 2975 964 3040 pacem
993 2976 1115 3040 pro
1146 2975 1220 3020 se
1251 2974 1404 3020 cum
1436 2953 1775 3018 Romanis
1802 2953 2131 3021 facerent:
2177 2975 2391 3041 neque
2422 2957 2633 3024 teneri
2664 2959 2823 3024 alie-

621 3059 734 3124 nis
763 3054 1168 3124 foederibus?
1255 3056 1438 3122 Haec
1469 3055 1555 3120 ad
1586 3055 1941 3140 Romanos
1988 3055 2395 3142 Syracusani
2440 3060 2823 3141 detulerunt,

689 3257 712 3292 ὅ
748 3259 925 3308 Essent
945 3257 1090 3308 etium
1105 3257 1192 3308 aab
1214 3255 1416 3319 imperio
1429 3255 1857 3319 Syracusanorum.

692 3332 713 3357 θ
747 3323 855 3374 Sibi
876 3339 1063 3388 equum
1082 3321 1236 3372 videri
1257 3329 1310 3372 ut
1334 3321 1479 3372 etima
1501 3321 1728 3370 Leontini
1748 3321 1844 3384 ipsi
1863 3319 2003 3371 liberi
2019 3322 2135 3373 sint.

1549 3481 1909 3504 OOOMOOOOOO

621 3605 718 3716 Dl
754 3601 1130 3716 ‘Interamnam
1169 3598 1304 3650 ΕΜ.
1340 3599 1406 3650 ab
1440 3601 1655 3652 Arcena.
1694 3599 1761 3650 ad
1800 3601 2131 3651 Omnem—2
2166 3601 2358 3662 Regnat
2394 3598 2549 3648 Grut.
2592 3599 2821 3651 Gronov.

683 3681 804 3730 ouJa
833 3701 847 3716 .

1609 3779 1826 3832 Nom-3
1934 3789 1941 3798 ·

691 3903 702 3927 ¹
731 3895 968 3946 Finitima
995 3895 1252 3958 provincia
1281 3893 1526 3957 Romana]
1550 3895 1689 3945 [auca
1757 3907 2015 3952 sanorum,
2050 3893 2137 3959 qui
2174 3893 2373 3956 legatos
2408 3893 2475 3942 ad
2513 3891 2821 3946 Marcellum

621 3972 824 4021 seilicet
845 3971 1058 4020 ditioni·
1079 3972 1320 4022 Romana
1341 3969 1510 4020 vicina
1527 3970 1692 4020 Leon·
1762 3975 2025 4030 miserant,
2049 3972 2115 4024 de
2136 3970 2331 4023 foedere
2350 3979 2577 4029 acturos.
2686 3991 2693 4002 ·

621 4047 780 4096 tinis:
817 4045 976 4112 idque
1007 4055 1194 4098 contra
1223 4054 1450 4098 mentem
1471 4047 1695 4112 Syracu-

360 4764 2969 5225 —-
