3300 5225
1036 470 1179 518 Lm.
1229 466 1438 517 xxii.
1482 468 1647 519 cst.
1691 452 1803 519 52.
2343 452 2520 520 1863

311 612 586 681 nescis-⁹
676 612 869 679 Mora
914 612 1061 698 ejus
1111 614 1247 680 diei
1288 614 1461 679 satis
1506 612 1798 679 creditur
1843 611 2054 679 saluti
2097 612 2313 680 fuisse
2345 612 2518 682 Urbi

312 724 519 803 atque
547 717 851 801 imperio.
940 716 1233 784 Postero
1262 717 1371 782 die
1409 716 1528 781 ubi
1562 717 1850 800 primum
1875 717 2125 797 illuxit,
2165 716 2253 782 ad
2297 720 2530 803 spolia

310 819 607 905 legenda
653 820 1033 905 foedamque
1065 822 1265 886 etiam
1294 820 1604 887 hostibus
1636 819 2071 905 spectandam
2102 827 2390 905 stragem
2421 822 2518 888 in-

318 924 587 989 sistunt.
673 923 720 989 J
726 926 1015 989 acebant
1043 930 1139 991 tot
1168 924 1631 991 Romanorum
1673 923 1912 1002 millia,
1944 922 2215 1008 pedites
2263 924 2522 1008 passim

316 1028 743 1111 equitesque,
784 1037 861 1093 ut
900 1048 1101 1113 quem
1142 1030 1389 1115 cuique
1430 1028 1570 1093 fors
1614 1034 1733 1094 aut
1779 1048 2002 1113 pugna
2034 1028 2360 1112 junxerat
2403 1034 2523 1094 aut

314 1129 508 1213 fuga.
593 1127 1041 1214 Assurgentes
1079 1130 1349 1217 quidam
1392 1150 1483 1195 ex
1518 1138 1740 1215 strage
1782 1130 2010 1196 media
2039 1132 2315 1210 cruenti,
2345 1150 2527 1216 quos

316 1236 556 1299 stricta
584 1236 919 1300 matutino
946 1235 1187 1317 frigore
1216 1234 1681 1300 excitaverant
1707 1233 2026 1311 vulnera‚'
2047 1234 2136 1299 ab
2174 1234 2372 1299 hoste
2399 1254 2522 1319 op-

320 1338 545 1420 pressi
584 1345 761 1403 sunt.
864 1337 1223 1418 Quosdam
1254 1344 1325 1403 et
1356 1338 1674 1423 jacentes
1703 1339 1904 1405 vivos
1936 1337 2220 1403 succisis
2263 1338 2517 1403 femini-

320 1441 451 1505 bus
512 1442 1019 1527 poplitibusque
1076 1444 1491 1523 invenerunt,
1542 1442 1879 1509 nudantes
1939 1442 2268 1519 cervicem
2318 1441 2526 1526 jugu-

321 1540 621 1628 lumque,
644 1552 717 1609 et
745 1546 1081 1630 reliquum
1112 1545 1497 1631 sanguinem
1518 1547 1837 1633 jubentes
1858 1547 2196 1612 haurire.¹⁵
2259 1544 2528 1615 Inventi

325 1656 485 1710 sunt
526 1646 799 1731 quidam
845 1650 1084 1715 mersis
1126 1651 1195 1715 in
1230 1648 1543 1715 effossam
1588 1655 1830 1716 terram
1880 1649 2242 1735 capitibus,
2282 1669 2452 1733 quos
2472 1648 2528 1691 ¹⁶

324 1748 455 1813 sibi
484 1750 679 1833 ipsos
709 1752 959 1817 fecisse
984 1751 1246 1832 foveas,
1288 1754 1784 1837 obruentesque
1823 1773 1942 1820 ora
1983 1752 2364 1838 superjecta
2403 1752 2526 1818 bu·

323 1871 437 1915 mo
474 1852 933 1920 interclusisse
954 1864 1001 1905 ¹⁷
1034 1857 1343 1943 spiritum
1382 1859 1780 1943 apparebat.
1866 1857 2224 1942 Praecipue
2255 1876 2530 1922 conver-

322 1956 403 2019 tit
464 1974 697 2022 omnes
764 1960 1148 2025 substratus
1208 1958 1509 2025 Numida
1578 1968 1849 2028 mortuo
1915 1959 2459 2045 superincubanti
2479 1958 2530 1999 ¹⁸

326 2056 641 2124 Romano
682 2060 901 2140 vivus,
944 2082 1115 2128 naso
1144 2064 1547 2149 auribusque
1590 2064 1942 2147 laceratis3
1987 2083 2164 2143 cum,
2207 2063 2526 2129 manibus

326 2159 415 2225 ad
446 2162 844 2246 capiendum
873 2164 1077 2231 telum
1104 2166 1481 2246 inutilibus,
1510 2168 1577 2233 iu
1606 2168 1862 2234 rabiem
1889 2167 1991 2233 ira
2014 2174 2334 2244 versuS,¹⁹
2360 2166 2534 2231 lani-

325 2262 501 2329 ando
531 2263 851 2333 dentibus
890 2268 1150 2335 hostem
1182 2270 1581 2355 expirasset.

410 2368 519 2435 52.
562 2368 821 2455 Spoliis
862 2372 952 2438 ad
992 2374 1271 2439 multum
1314 2373 1449 2439 diei
1492 2374 1720 2453 lectis,
1767 2371 2110 2439 Hannibal
2149 2372 2238 2438 ad
2271 2371 2536 2438 minora

324 2470 517 2538 ducit
546 2482 775 2540 castra
806 2477 1282 2560 oppugnanda,
1322 2484 1389 2544 et
1430 2478 1724 2543 omnium
1762 2475 2076 2561 primum,
2106 2475 2382 2541 brachio
2413 2476 2530 2540 ob-

314 2572 528 2660 jecto,
573 2576 847 2644 flumine
866 2586 924 2617 ²0
970 2598 1087 2646 eos
1135 2581 1494 2650 excludit.⁸
1582 2579 1888 2648 Ceterum
1940 2580 2028 2645 ab
2069 2577 2536 2656 omnibu3,1a·

387 2727 404 2762 ⁸
438 2729 723 2779 Persen-icta
744 2735 792 2780 et
811 2731 1105 2783 exacerbata·
1123 2748 1243 2784 am
1260 2733 1461 2798 frigida
1488 2733 1726 2784 namium
1744 2733 1903 2797 plagoe
1914 2747 1936 2792 ,·
1966 2746 2047 2782 seu
2077 2729 2271 2782 valum
2303 2743 2408 2795 αμα
2434 2729 2534 2791 sri-

322 2807 445 2856 ‘ore
464 2797 821 2847 recruduerant.

1253 2887 1617 2914 WOOWO

329 3012 513 3071 tempus
548 3023 665 3072 opu
700 3014 947 3060 eme-15
1004 3007 1333 3073 ‘Sanguinem
1374 3010 1635 3061 invitantes
1667 3010 1876 3061 haurire.
1922 3009 2052 3060 Put.
2102 3007 2294 3057 Petu.
2335 3003 2536 3066 melior,

324 3073 539 3126 libentes.
606 3075 729 3124 Pet.
750 3076 904 3133 alter,
944 3089 1051 3139 reg.
1090 3075 1232 3125 Men.
1277 3085 1383 3126 tres
1421 3076 1552 3126 Pau.
1586 3077 1736 3126 Voss.
1770 3075 1988 3126 libantes.
2053 3073 2258 3130 Scribe,
2278 3069 2538 3132 jubentes:

324 3139 379 3190 J.
407 3139 463 3186 F.
500 3139 863 3190 Gronov—1⁶
899 3141 1033 3197 Quas
1068 3141 1245 3191 Elsev.
1284 3141 1513 3191 Gronov.
1552 3142 1773 3205 Doujat.
1821 3141 2183 3192 creden—17
2221 3137 2362 3188 Olim
2398 3137 2540 3198 loge-

329 3205 507 3266 batur‚
538 3219 623 3254 ora
650 3205 866 3266 subjecta
902 3221 1042 3271 snper·
1076 3206 1213 3257 hum
1250 3204 1427 3268 injecta
1462 3207 1933 3258 interclusisse—18
1971 3203 2057 3255 ΑΙ.
2095 3200 2540 3268 superincumbenti-

330 3273 465 3387 5⁴1⁸?
495 3269 611 3383 “3st
642 3271 825 3322 rabiem
854 3273 933 3322 ire
962 3286 1141 3324 versu·
1221 3271 1341 3322 Nou
1378 3273 1530 3324 male.
1589 3273 1716 3323 Put.
1737 3279 1933 3335 tamen,
1965 3285 2144 3320 eam.
2213 3267 2313 3324 An,
2333 3262 2504 3316 versu?
2523 3264 2539 3287 ⁸

372 3367 387 3382 .
454 3371 469 3386 .
550 3351 727 3388 ronov.

393 3403 459 3450 20
495 3401 636 3452 Olim
657 3401 953 3466 legebatur,
968 3403 1158 3454 brachio
1174 3401 1401 3468 flandriis
1418 3401 1612 3465 οἱᾰισὲο.
1645 3401 1804 3454 Malit
1833 3401 2010 3468 Sigon.
2033 3398 2222 3452 brachio
2240 3396 2444 3464 standai
2457 3394 2538 3446 ob-

1323 3535 1548 3588 NOTAE

397 3639 423 3675 Ι
456 3631 669 3682 Brachia
688 3633 886 3696 objecto,
890 3635 1099 3700 flamine
1126 3651 1206 3686 eos
1232 3635 1395 3686 exclu-
1476 3632 1568 3683 sed
1586 3631 1656 3683 de
1679 3633 1827 3684 alveo
1849 3630 2071 3682 fluminis
2088 3634 2274 3680 cavata
2295 3625 2433 3677 fossa
2453 3624 2544 3674 de-

332 3707 431 3772 dit]
468 3709 778 3775 Legebntur‚
809 3711 1230 3777 brachiofluminis
1248 3711 1397 3773 οἱῄεσ·
1478 3709 1638 3760 ducto
1694 3708 1920 3773 intelligi
1971 3707 2197 3769 debean
2229 3711 2286 3755 et
2327 3701 2539 3752 excludi

332 3787 408 3832 to.-
440 3783 528 3832 sed
556 3800 671 3835 cum
706 3801 808 3836 non
848 3794 1130 3851 appareret
1154 3786 1293 3838 nude
1323 3786 1397 3838 sic
1476 3787 1678 3837 minora
1703 3787 1814 3838 hoc
1836 3792 2016 3836 caetra
2037 3785 2293 3844 dicantur,
2309 3794 2412 3829 non
2435 3787 2542 3828 tam

336 3861 746 3913 excluderentur
771 3865 1004 3927 Romani,
1025 3872 1081 3915 et
1119 3866 1305 3930 optimi
1336 3865 1397 3915 li·
1478 3880 1511 3914 a
1532 3862 1763 3929 flumine,
1783 3879 1934 3931 quam
1971 3862 2036 3912 ab
2073 3860 2208 3910 omni
2240 3857 2416 3908 auxilii
2451 3864 2542 3905 ant

338 3937 415 3987 bri
450 3953 547 4002 pro
588 3936 815 4002 fluminis
863 3941 1123 3992 baberent
1172 3943 1398 4008 flumine.
1478 3942 1768 4005 eruptionis
1805 3955 1918 4005 spe.
1983 3939 2276 4000 Utrumque
2301 3935 2438 3983 enim
2463 3933 2540 3982 in·

336 4014 571 4066 Gronov.
596 4016 919 4080 transpositis
939 4018 1150 4069 vocibus
1170 4019 1399 4084 scripsit,
1480 4019 1654 4069 sinuat
1691 4019 1880 4073 sanius
1905 4017 2224 4081 captivorum
2255 4011 2461 4074 legatus
2492 4024 2542 4058 e.

337 4089 527 4140 brachio
574 4089 752 4154 objecto
792 4091 996 4157 flumine
1033 4110 1111 4145 eoo
1150 4096 1361 4144 excludit
1378 4111 1399 4155 ,-
1480 4101 1561 4147 ⁶9.
1618 4103 1633 4126 ‘
1653 4109 1769 4147 cum
1809 4089 2172 4152 circumsessi:
2215 4089 2402 4154 inquit,
2439 4087 2540 4136 ‘ab

340 4170 445 4224 vel.
464 4169 669 4232 primumi
681 4169 905 4234 flumine,
924 4173 1111 4222 brachio
1127 4173 1304 4235 obJ'ecto
1323 4188 1401 4222 eos
1480 4173 1716 4223 exercitu
1734 4173 1948 4228 victore,
1967 4183 2100 4234 aqua
2123 4178 2544 4228 arceremur-,nee

338 4245 571 4296 excludit.
636 4245 847 4297 Tentari
872 4256 1046 4299 tamen
1062 4259 1255 4314 posset,
1279 4265 1399 4300 num
1480 4251 1587 4302 ulla
1602 4253 1711 4316 jam
1742 4265 1835 4314 per
1868 4245 2130 4299 confertos
2169 4245 2341 4294 hostes
2371 4255 2541 4292 erum.

340 4321 579 4373 bmchium
617 4325 699 4374 hic
728 4339 833 4376 non
856 4329 921 4376 de
946 4342 1136 4392 aggere
1158 4337 1399 4390 cuneato,
1482 4328 1637 4395 pendi
1661 4343 1780 4394 spes
1795 4323 1976 4376 esset?
