3300 5225
809 533 1018 584 usn!
1066 531 1244 584 xix.
1285 533 1636 588 suenni
1647 533 1937 588 ΒΝΊἯΙΙ.

255 677 394 740 dnm
415 677 612 740 bonos
653 697 718 739 se
755 679 1114 761 propinquos
1161 679 1434 762 probant,
1479 679 1586 742 vix
1623 677 1771 742 satis
1804 687 2042 754 eavent,
2082 700 2157 742 ne

256 775 398 838 mali
421 775 588 838 eires
631 774 982 838 habeantur.
1064 775 1150 838 Et
1187 784 1386 838 tamen
1423 775 1735 840 intercedit
1776 795 1973 850 nemo,
2018 777 2163 859 quin

253 873 514 956 ipsorum
537 871 824 934 arbitiatu
849 873 1261 945 misereamini,
1296 873 1348 934 si
1385 875 1737 956 cujusquam
1760 883 2021 938 vestrum
2060 873 2171 936 illa

257 971 498 1032 miserta
522 977 633 1032 est.
715 968 826 1031 Sin
851 990 992 1032 vero
1026 969 1160 1034 aliis
1183 971 1508 1044 interitum,
1545 969 1679 1032 aliis
1714 971 1941 1034 luctum
1978 980 2041 1032 et
2072 991 2171 1034 or·

257 1067 530 1141 bitatem,
557 1067 832 1129 omnibus
855 1067 1279 1143 calamitatem,
1303 1067 1562 1142 cladem,
1591 1075 1821 1150 pestem
1846 1069 2172 1151 imprecata

257 1173 384 1234 αις
425 1173 556 1226 tam
594 1164 800 1246 inepta
834 1165 1276 1228 mansuetudine
1303 1165 1616 1248 quisquam
1638 1165 1771 1240 erit,
1806 1174 1875 1227 ut
1908 1165 2169 1227 animum

258 1271 380 1324 tam
403 1262 706 1336 hostilem,
731 1271 858 1326 tam
885 1263 1202 1338 infernum,
1241 1271 1368 1326 tam
1401 1263 1809 1336 inhumanum,
1836 1261 1966 1324 nlla
1998 1263 2169 1326 mise-

258 1359 516 1422 rieordia
551 1359 796 1440 dignum
832 1360 1170 1422 existimet?
1229 1358 1447 1443 Nuper
1483 1379 1624 1424 cum
1670 1360 1855 1422 lustro
1898 1357 2171 1422 confecto

257 1456 482 1520 civium
499 1475 804 1518 numerum
817 1475 1084 1520 oensooes
1099 1455 1440 1531 edidissent,
1462 1457 1566 1540 qui
1581 1459 1835 1538 gemitus
1848 1457 2169 1530 bominum,

259 1563 490 1636 quanta
527 1553 810 1616 moestitia
849 1552 1004 1616 fuit?
1044 1573 1388 1637 quanquam
1413 1553 1604 1616 multa
1628 1573 1903 1637 prospere
1929 1574 2033 1637 per
2064 1575 2171 1616 an-

262 1671 368 1714 nos
389 1651 538 1714 istos
559 1658 906 1723 evenerant,
931 1651 1037 1714 vix
1062 1660 1262 1714 temen
1287 1651 1460 1714 bonis
1476 1650 1618 1714 viris
1649 1651 1795 1714 satis
1818 1651 1989 1714 selva
2004 1650 2173 1714 vide·

263 1747 439 1810 batur
491 1747 846 1830 respublica,
898 1768 1036 1830 quse
1091 1749 1284 1810 minus
1332 1768 1488 1808 nune
1539 1749 1759 1810 civium
1818 1757 2173 1820 numeraret,

263 1865 448 1928 quam
468 1845 770 1927 superiore
810 1844 996 1906 lustro
1037 1845 1362 1906 habuisset.
1443 1844 1541 1906 At
1563 1845 1694 1908 baee
1718 1843 1953 1906 illorum
1970 1846 2172 1924 jactu-

264 1962 334 2004 ra
371 1942 482 2024 qui
523 1941 749 2024 periere
791 1941 940 2004 nihil
973 1951 1276 2004 movetur:
1319 1941 1436 2004 hoc
1458 1939 1646 2015 dolet,
1682 1941 1843 2024 quod
1868 1940 2055 2023 aliqui
2076 1961 2175 2002 su-

265 2037 642 2122 perfuerunt:
685 2039 926 2104 nimiam
968 2037 1188 2100 Romae
1231 2038 1466 2100 turbam
1505 2059 1630 2100 esse
1682 2039 1979 2121 queritur:
2020 2039 2177 2100 revi-

263 2138 490 2200 viseere
513 2143 688 2217 optat
723 2155 860 2196 eum
885 2135 1080 2218 ipsum
1121 2137 1294 2216 eujus
1337 2136 1598 2198 maxime
1633 2136 1818 2219 culpa
1864 2136 2179 2218 superioris

263 2253 472 2296 census
495 2233 752 2294 rationes
775 2231 1110 2294 decrevere.

341 2337 450 2393 45.
496 2339 514 2368 ⁶
535 2327 661 2391 Sed
693 2330 824 2412 ipsa
864 2328 1106 2412 quidem
1133 2330 1347 2392 mulier
1388 2329 1632 2410 indigne
1656 2337 1749 2392 est
1780 2327 2180 2392 misericordia

266 2436 502 2490 vestra:
543 2434 826 2500 ceterum,
852 2426 902 2487 si
927 2425 1074 2508 quid
1101 2429 1395 2510 peecavit,
1435 2426 1763 2508 majoribus
1784 2429 1915 2506 ejus
1938 2435 2001 2488 et
2024 2427 2179 2510 patri

269 2523 702 2588 eondonabitis.
787 2527 936 2590 Hoc
973 2524 1148 2604 igitur
1183 2527 1292 2606 jus
1337 2524 1398 2586 in
1431 2523 1677 2586 civitate
1717 2531 1920 2585 nostra
1956 2532 2179 2586 statue-

267 2642 416 2697 mm,
447 2630 545 2696 ut,
584 2622 638 2683 si
677 2620 810 2704 quis
849 2622 1058 2706 patriae
1101 2642 1340 2704 quoquo
1381 2620 1558 2685 modo
1599 2620 1883 2704 profuisse
1924 2620 2177 2693 dicauit,

267 2723 396 2800 qius
419 2719 646 2801 posteri
671 2720 896 2801 possint
915 2718 1168 2781 eandem
1191 2719 1358 2781 illam
1381 2718 1632 2803 patriam
1656 2720 1893 2801 impune
1917 2718 2173 2781 laedere?

271 2817 530 2879 Minime
555 2815 824 2900 profecto
847 2818 934 2879 sie
970 2838 1200 2879 sensere
1225 2819 1479 2897 majores
1501 2816 1706 2890 nostri,
1731 2816 1835 2897 qui
1864 2816 1959 2877 Μ.
1990 2814 2171 2879 Man-

213 2970 220 2977 .
269 2912 412 2977 lium
437 2912 522 2975 de
543 2934 696 2975 sexo
720 2912 1087 2995 dejecerunt,
1129 2934 1266 2977 eum
1307 2912 1699 2996 Capitolium,
1740 2912 2009 2975 ultimam
2049 2922 2177 2975 tum

271 3031 438 3095 spem
463 3010 736 3073 Romani
761 3011 1010 3091 generis,
1038 3032 1156 3073 non
1175 3020 1344 3095 pater
1367 3011 1570 3093 ipsius,
1597 3020 1703 3072 aut
1727 3030 1894 3085 avus,
1915 3020 2021 3073 aut
2042 3031 2179 3094 pro·

269 3110 604 3189 genitorum
655 3106 892 3189 aliquis,
935 3107 1044 3169 sed
1087 3108 1214 3189 ipse
1253 3108 1620 3169 servavisset.
1720 3106 1869 3171 Non
1920 3106 2183 3169 debebat

271 3206 513 3287 quidem
540 3203 768 3285 adjutae
795 3203 1138 3287 reipublioae
1161 3205 1466 3287 praemium
1491 3204 1727 3267 uberius
1766 3205 1974 3286 quaeri,
1998 3224 2179 3287 quam

273 3302 420 3367 faeti
441 3304 846 3366 conscientia:
887 3303 994 3365 sed
1017 3312 1216 3365 tamen
1241 3304 1292 3365 si
1315 3323 1436 3386 qua
1459 3304 1681 3366 bonam
1704 3304 1762 3365 ei
1785 3324 2024 3386 operam
2047 3304 2179 3387 Ap.

276 3399 572 3463 Claudius
589 3399 882 3482 praestitit,
909 3398 1240 3463 mercedem
1257 3399 1494 3463 abunde
1519 3402 1765 3483 recepit,
1785 3401 2181 3483 locupletatum

271 3498 508 3580 opibus,
533 3496 784 3559 satiatum
805 3496 1150 3571 bonoribus,
1191 3498 1408 3578 quibus
1440 3496 1520 3561 ad
1547 3497 1819 3561 ultimam
1858 3518 2043 3579 usque
2082 3518 2175 3561 se-

273 3603 576 3657 nectutem
599 3593 916 3675 perviguit.

350 3698 456 3753 46.
497 3699 520 3728 ‘
542 3690 909 3770 Quanquam
933 3690 1178 3753 fortasse
1195 3691 1380 3753 satius
1393 3690 1600 3753 fiiisset
1621 3691 1817 3774 Appii
1830 3700 1895 3753 et
1918 3693 2177 3774 superio-

272 3808 401 3849 rum
427 3785 824 3848 Claudiorum
861 3789 1215 3850 mentionem
1257 3790 1723 3871 praetermittere,
1761 3808 1941 3871 quam
1974 3788 2179 3851 edmo-

273 3903 410 3947 nere
454 3904 570 3948 vos
603 3884 972 3965 injuriarum,
1005 3906 1154 3966 quas
1175 3884 1386 3947 domus
1411 3884 1542 3959 illa,
1567 3886 1646 3946 ab
1668 3894 1939 3949 extrema
1960 3887 2181 3965 origine

273 3980 516 4043 minime
543 3980 870 4063 popularis,
919 3990 1145 4043 atroces
1182 3983 1354 4045 vobis
1390 4002 1547 4065 soepe
1587 3992 1650 4045 et
1694 3982 1939 4045 acerbas
1960 3982 2180 4045 intulit.

275 4076 480 4145 Quem
521 4078 682 4139 enim
733 4076 1010 4161 Appium
1046 4099 1152 4141 vos
1191 4079 1520 4141 meminisse
1561 4078 1811 4142 volunt?
1867 4077 2179 4150 Aliumne,

275 4194 460 4255 qnam
495 4172 666 4237 illum
690 4175 796 4257 qui
834 4195 1064 4259 semper
1103 4176 1426 4239 commodis
1466 4176 1674 4239 vestris
1712 4176 1951 4239 inimico
1983 4177 2182 4239 animo

275 4268 621 4334 adversatus
663 4281 789 4343 estz
861 4274 966 4355 qui
1006 4274 1203 4355 potius
1241 4294 1378 4336 eum
1417 4274 1681 4336 exercitu
1730 4275 1919 4357 perire
1968 4272 2181 4345 voluit,

275 4385 460 4447 quun
483 4390 523 4432 a
545 4369 786 4453 plebeio
809 4370 1076 4445 consule,
1101 4369 1334 4452 collega
1363 4390 1492 4445 suo,
1529 4372 1789 4443 servari3
1835 4372 1939 4453 qui
1974 4390 2180 4433 censu-
2266 4465 2271 4471 .

2316 521 2485 590 1005
