3300 5225
833 475 1012 544 1958
1763 494 1838 542 τ.
1881 493 2074 544 mvn

830 661 1002 708 usus
1028 645 1189 706 erat.
1275 638 1447 707 Inde
1474 640 1758 726 primum
1803 639 1996 706 saxis
2025 637 2442 726 sudibusque
2479 645 2547 706 et
2589 641 2838 708 ceteris
2863 641 3024 708 mis-

830 744 1069 812 silibus
1126 747 1660 828 propugnatores
1715 743 1974 808 moenia
2031 751 2236 828 atque
2287 743 2522 809 urbem
2545 752 2567 784 ¹
2627 745 3022 810 tuebanturz

831 851 1199 931 postremo,
1236 844 1357 910 ubi
1400 845 1854 930 promovendo
1897 845 2276 930 adjtmctam
2323 865 2516 911 muro
2549 847 2860 912 viderunt
2889 855 3026 912 tur-

830 969 991 1027 rem,
1016 947 1281 1014 facibus
1310 946 1704 1014 ardentibus
1727 946 2088 1032 plurimum
2109 949 2306 1015 simul
2329 950 2550 1032 ignem
2569 949 3022 1035 conjecerunt.

833 1051 995 1134 Quo
1032 1050 1343 1118 incendio
1380 1050 1646 1137 trepida
1687 1057 2092 1118 armatorum
2129 1051 2482 1118 multitudo
2519 1073 2673 1118 cum
2717 1051 2802 1118 de
2841 1059 3025 1118 turre

832 1173 983 1220 sese
1010 1153 1487 1240 proecipitaret,
1530 1153 1792 1237 eruptio
1819 1171 1911 1219 ex
1941 1152 2200 1238 oppido
2237 1153 2444 1220 simul
2471 1151 2730 1219 duabus
2757 1155 2980 1237 portis
2997 1159 3028 1194 2

832 1259 1159 1326 stationes
1204 1257 1513 1324 bostium.
1542 1255 1720 1322 fudit
1765 1255 2162 1342 fugavitque
2207 1258 2277 1322 in
2333 1263 2592 1340 castra3
2647 1265 2728 1324 ut
2775 1278 2866 1324 eo
2913 1259 3026 1324 die

831 1363 1139 1439 obsemo,
1185 1379 1389 1446 quam
1416 1358 1776 1439 obsidenti,
1817 1359 2096 1426 similior
2119 1365 2300 1426 esset
2327 1359 2607 1426 Poenus.
2695 1358 2810 1427 Ad
2841 1361 3032 1427 mille

832 1465 1107 1532 trecenti
1130 1471 1153 1512 ³
1214 1462 1852 1547 Carthaginiensium
1907 1464 2096 1542 caesi,
2169 1468 2236 1530 et
2291 1463 2830 1548 undesexaginta
2885 1463 3032 1530 vivi

831 1567 1053 1653 capti;
1094 1567 1237 1654 qui,
1276 1567 1459 1634 circa
1500 1585 1726 1632 muros
1769 1572 1842 1633 et
1885 1567 1958 1632 in
1993 1567 2402 1632 stationibus
2441 1566 2664 1632 solute
2705 1586 2790 1632 ac
2817 1567 3032 1650 negli-

831 1677 1061 1754 genter
1086 1675 1391 1754 agentes,
1428 1687 1583 1735 cum
1612 1667 1781 1734 nibil
1811 1669 2054 1747 miuus,
2102 1687 2304 1755 quam
2333 1671 2775 1755 eruptionem,
2827 1671 3032 1736 timu-

830 1773 1068 1852 issent,
1125 1791 1216 1838 ex
1256 1771 1621 1857 improviso
1669 1772 1976 1858 oppressi
2007 1771 2319 1840 fuerant.⁴
2402 1771 2758 1839 Gracchus
2805 1775 3028 1858 prius,

832 1894 1033 1962 quam
1080 1895 1157 1940 se
1195 1874 1427 1942 hostes
1462 1875 1551 1940 ab
1592 1876 1945 1958 repentino
1973 1894 2228 1960 pavore
2267 1875 2671 1958 colligerent,
2719 1877 3028 1962 receptui

832 1979 1093 2063 signum
1146 1976 1350 2057 dedit,
1396 1997 1481 2044 ac
1524 1997 1698 2050 suos
1743 1977 1916 2045 intra
1951 1999 2178 2044 muros
2219 1981 2502 2063 recepit.
2590 1977 2884 2042 Postero
2917 1979 3032 2044 die

834 2080 1197 2161 Hannibal,
1223 2081 1457 2148 laetum
1476 2089 1501 2130 ⁵
1530 2081 1832 2148 secunda
1857 2091 1970 2148 re?
1997 2082 2332 2148 consulem
2349 2081 2544 2166 justo
2572 2080 2811 2166 proelio
2841 2090 3032 2149 ratus

832 2187 1259 2262 certaturum,
1292 2185 1509 2250 aciem
1530 2184 1704 2250 inter
1731 2189 1954 2250 castra
1978 2191 2183 2269 atque
2209 2185 2446 2264 urbem
2467 2183 2806 2248 instruxit.
2897 2182 3032 2248 Ce-

832 2293 1047 2352 terum
1072 2295 1431 2373 postquam
1472 2289 1796 2352 neminem
1839 2287 2090 2354 moveri
2131 2287 2220 2352 ab
2257 2287 2462 2352 solita
2497 2286 2812 2352 custodia
2849 2287 3032 2352 urbis

832 2389 1019 2468 vidit,
1056 2409 1179 2455 nec
1230 2389 1559 2456 committi
1610 2389 1976 2474 quicquam
2028 2389 2400 2455 temerariae
2445 2387 2623 2472 spei,
2665 2386 2753 2452 ad
2799 2386 3034 2454 'l'ifata

830 2491 1005 2558 redit
1030 2491 1275 2559 infecta
1304 2511 1400 2558 re.
1487 2489 1762 2572 Quibus
1791 2490 2030 2559 diebus
2059 2491 2292 2558 cnmae
2318 2490 2628 2556 liberatoe
2657 2497 2820 2556 sunt
2849 2491 3034 2556 obsi·

832 2595 1053 2677 dione,
1094 2597 1333 2663 iisdem
1372 2595 1608 2663 diebus
1622 2594 1654 2638 ⁶
1699 2601 1767 2663 et
1803 2596 1876 2663 in
1919 2595 2217 2663 Lucanis
2254 2594 2344 2664 ad
2381 2593 2828 2662 Grumentum
2845 2602 2874 2643 ‘¹
2917 2593 3032 2663 Ti.

832 2700 1292 2785 Sempronius,
1359 2698 1473 2767 cui
1528 2698 1768 2783 Longo
1825 2717 2188 2783 cognomen
2249 2704 2414 2777 erat,
2477 2718 2630 2765 cum
2687 2696 3030 2763 Hannone

832 2802 1055 2869 Poeno
1098 2822 1417 2889 prospere
1464 2808 1740 2890 pugnat.
1827 2802 2051 2888 Supra
2095 2802 2232 2869 duo
2269 2802 2484 2867 millia
2531 2800 2826 2868 boatium
2845 2810 2873 2851 ⁷
2917 2820 3032 2865 oc-

832 2904 1017 2985 cidit,
1056 2916 1126 2974 et
1166 2907 1487 2973 ducentos
1514 2904 2136 2993 octogintamilites
2165 2905 2434 2971 amisit=
2475 2898 2667 2989 sigua
2705 2903 3033 2969 militaria

832 3009 922 3074 ad
952 3009 1389 3095 quadraginta
1418 3030 1617 3077 unum
1640 3010 1845 3095 cepit.
1905 3007 2162 3075 Pulsus
2181 3006 2430 3073 finibus
2452 3006 2750 3073 Lucanis
2773 3006 3031 3073 Hanno

831 3118 1009 3177 retro
1037 3112 1105 3178 in
1140 3114 1443 3181 Bruttios
1484 3132 1637 3179 sese
1663 3111 1932 3197 recepit.
2019 3110 2110 3177 Et
2136 3130 2226 3177 ex
2258 3109 2570 3196 Hirpinis
2595 3110 2854 3195 oppida
2881 3109 3030 3187 tria,

1731 3291 2104 3313 mmo-90

830 3428 924 3475 —1
958 3424 1044 3475 ΑΙ.
1083 3430 1455 3489 prop-gnatam
1494 3426 1660 3475 urben
1694 3441 1750 3476 ae
1786 3426 2075 3475 mim—2
2125 3424 2264 3477 Add.
2285 3425 2427 3486 saeta
2463 3423 2598 3475 Edd.
2634 3430 2758 3475 aute
2801 3424 3032 3475 nuk.—

831 3494 863 3541 8
900 3490 1101 3540 0000.
1140 3490 1276 3539 Edd.
1316 3499 1436 3541 aute
1474 3491 1708 3541 Gronov.
1749 3496 1979 3541 moenem
2017 3491 2247 3542 Gronov.
2279 3490 2492 3555 Doujat.
2515 3490 2672 3541 crevi
2675 3504 2899 3540 eeeeee
2919 3490 3031 3539 iada

828 3556 1083 3619 sexagita
1107 3555 1238 3605 Edd.
1262 3562 1389 3606 vett.
1444 3558 1568 3607 tande
1586 3557 1906 3619 qudraginta
1927 3556 2039 3606 rell.
2056 3565 2178 3607 ante
2202 3555 2532 3607 Groneia—⁴
2564 3554 2651 3606 Al.
2669 3556 2884 3619 oppres-i
2900 3561 3032 3604 auat.

830 3627 925 3671 —6
960 3622 1158 3671 Elotana
1180 3619 1317 3673 Edd.
1340 3628 1465 3672 aute
1486 3622 1756 3674 Drab—ti
1788 3619 2030 3673 Alterum
2065 3621 2232 3673 dicha·
2255 3619 2532 3671 delendum
2567 3634 2682 3671 esse
2711 3628 2898 3671 censet
2923 3620 3032 3669 Ru-

1821 3768 2042 3821 1101·AE

895 3870 923 3907 Ρ
956 3864 1220 3932 Hannibal,
1240 3867 1403 3918 letan
1440 3864 1670 3933 [elatam]
1688 3869 1896 3919 κακὼ
1969 3868 2172 3919 rheate
2191 3866 2260 3919 ad
2291 3868 2432 3919 Siriu
2466 3879 2688 3927 amnem,
2710 3866 2870 3928 vulgo
2893 3865 3032 3917 Sina.

828 3942 908 4007 re]
954 3944 1127 4008 Negat
1148 3945 1441 3996 Gronovius
1478 3946 1530 3995 iu
1558 3946 1688 3995 Mas.
1709 3945 1814 4009 legi
1833 3942 1894 3993 τὸ
1971 3944 2276 3996 Holsteuius
2324 3941 2452 3995 illud
2506 3942 2828 4007 probabilius
2883 3944 3032 4007 ponit

828 4020 1002 4070 elatam
1018 4036 1035 4069 .-
1065 4029 1377 4088 constatque
1411 4021 1537 4072 satis
1560 4020 1758 4088 absque
1788 4022 1892 4073 boc
1969 4022 2108 4072 iuter
2127 4024 2464 4087 seponat-am,
2487 4020 2554 4068 ad
2589 4018 2832 4069 dextram
2854 4019 3028 4069 Aciris

828 4096 1107 4146 sententia.
1969 4100 2080 4149 sive
2103 4099 2230 4163 Agri
2257 4094 2311 4147 fl.
2335 4096 2425 4146 ubi
2453 4094 2677 4145 nominis
2702 4095 2922 4159 vestigia
2939 4108 3028 4143 au-

894 4180 921 4216 !
950 4172 1035 4223 Aa
1055 4174 1394 4239 cunam]
1422 4174 1542 4225 Hoc
1566 4174 1886 4225 Lucanorum
1971 4184 2190 4240 pet-aunt
2221 4176 2274 4225 iu
2311 4175 2425 4224 loco
2461 4173 2548 4238 qui
2579 4186 2717 4223 nunc
2747 4172 3028 4234 Agra-eta,

830 4248 1077 4313 oppidum
1113 4251 1441 4317 Apenninum
1476 4253 1611 4303 iuter
1630 4258 1688 4301 et
1719 4252 1885 4301 sinum
1969 4266 2127 4316 supra
2149 4250 2332 4303 ducale
2352 4248 2602 4317 oppidum
2633 4248 2792 4311 M,
2809 4248 2862 4298 in
2885 4247 3032 4297 Basi-

828 4324 1189 4387 Tarentiuum,
1222 4328 1460 4392 interque
1497 4327 1796 4380 Potentiam
1821 4342 1886 4380 ac
1967 4327 2148 4380 licata.

828 4400 1041 4455 ‘l'hurioa
1062 4400 1178 4457 suit.
1231 4404 1477 4457 Cluverio
1496 4410 1577 4457 eat
1598 4403 1754 4456 bodie
1773 4404 1884 4455 Cla·
