3300 5225
712 530 885 598 1742
1659 546 1728 597 τ’.
1778 544 1964 596 mvn

711 690 1033 771 tionibus,
1079 707 1237 775 pass
1267 688 1335 754 in
1358 688 1651 755 navibus
1681 694 1888 756 erant.
1976 688 2062 756 Et
2102 687 2712 774 Carthaginienses,
2743 690 2902 776 quia

711 812 853 859 rem
883 792 1027 860 sore
1054 791 1237 859 haud
1283 812 1435 858 cum
1480 791 1830 877 imparatis
1881 792 2264 873 cernebant,
2303 811 2520 878 usque
2560 792 2646 858 ad
2685 792 2906 859 lucem

714 900 917 981 portu
952 915 1027 961 se
1088 895 1580 974 abstinuerunt,
1630 894 1971 961 demendis
2009 895 2438 961 armamentis
2479 914 2564 960 eo
2609 899 2907 981 'tempore

715 998 1141 1083 aptandaque
1170 996 1259 1063 ad
1288 1017 1574 1083 pugnam
1596 996 1816 1063 classe
1835 998 2169 1063 absumto.
2256 996 2398 1063 Ubi
2433 996 2686 1075 illuxit,
2725 1016 2912 1063 rece-

714 1119 879 1186 pere
922 1100 1211 1167 classem
1257 1100 1327 1165 in
1372 1101 1608 1180 altum,
1638 1106 1720 1166 ut
1747 1102 2041 1186 spatium
2087 1118 2330 1185 pugnae
2372 1106 2577 1178 esset,
2623 1100 2913 1165 exitum-

719 1223 855 1289 que
874 1204 1147 1270 liberum
1180 1224 1219 1269 e
1242 1210 1436 1288 portu
1467 1223 1674 1270 naves
1702 1202 1990 1269 hostium
2017 1203 2352 1270 haberent.
2443 1202 2594 1269 Nec
2621 1200 2916 1267 Romani

720 1306 1182 1373 detrectavere
1212 1326 1526 1391 pugnam,
1554 1312 1623 1373 et
1648 1306 1971 1373 memoria
2011 1305 2190 1371 circa
2228 1324 2314 1371 ea
2341 1306 2493 1391 ipsa
2518 1303 2678 1369 loca
2703 1310 2918 1387 gesta-

720 1426 865 1477 rum
894 1426 1107 1473 rerum
1126 1407 1298 1486 freti,
1330 1416 1401 1473 et
1428 1408 1714 1476 militum
1742 1407 2166 1473 multitudine
2193 1426 2274 1473 ac
2307 1407 2574 1473 virtute.

809 1511 921 1577 50.
947 1508 1084 1576 Ubi
1102 1512 1169 1576 in
1188 1509 1395 1576 altum
1417 1511 1631 1577 evecti
1650 1516 1831 1588 sunt,
1855 1508 2208 1575 Romanus
2227 1527 2578 1575 conserere
2605 1528 2922 1593 pugnam,

724 1621 799 1683 et
824 1634 911 1681 ex
942 1615 1321 1700 propinquo
1342 1615 1519 1681 vires
1538 1614 1834 1681 conferre
1854 1613 2062 1681 velle:
2087 1618 2326 1680 contra
2354 1613 2622 1680 eludere
2642 1613 2924 1691 Poenus,

726 1724 795 1783 et
817 1722 980 1796 arte,
1000 1736 1135 1782 nou
1157 1718 1249 1795 vi,
1272 1737 1410 1782 rem
1432 1736 1684 1800 gerere,
1701 1717 2128 1802 naviumque,
2148 1735 2350 1804 quam
2369 1715 2662 1781 virorum
2682 1722 2802 1783 aut
2821 1732 2928 1782 ar-

724 1838 1017 1895 morum,
1044 1820 1245 1884 malle
1275 1826 1613 1885 certamen
1634 1820 1904 1885 facere!
2021 1818 2206 1885 Nam
2231 1827 2308 1884 ut
2331 1818 2538 1885 sociis
2565 1818 2928 1884 navalibus

730 1921 983 1989 affatim
1010 1922 1403 1987 instructam
1418 1923 1725 2002 classem,
1747 1923 1844 1988 ita
1872 1922 2139 2009 inopem
2157 1922 2373 1989 milite
2389 1921 2757 1989 habebant:
2777 1918 2808 1961 ⁶
2837 1926 2930 1999 et,

730 2024 952 2091 sicubi
982 2034 1283 2091 conserta
1314 2028 1507 2093 navis
1530 2033 1557 2076 ⁷
1601 2034 1846 2107 esset,¹·
1886 2025 2413 2112 haudquaquam
2457 2044 2583 2110 par
2609 2042 2932 2089 numerus

734 2131 1134 2194 armatorum
1163 2146 1255 2191 ex
1282 2148 1366 2193 ea
1396 2129 1764 2213 pugnabat.
1851 2128 2055 2209 Quod
2087 2128 2204 2195 ubi
2232 2127 2776 2195 animadversum
2799 2132 2931 2203 est,

732 2239 805 2297 et
830 2228 1155 2296 Romanis
1178 2230 1533 2297 multitudo
1562 2250 1690 2297 sua
1719 2232 1912 2297 auxit
1957 2231 2276 2313 animum,
2322 2236 2392 2297 et
2433 2232 2746 2317 paucitas
2793 2229 2934 2295 illis

732 2332 991 2399 minuit.
1079 2332 1444 2419 Extemplo
1500 2342 1762 2420 septem
1829 2353 2036 2401 naves
2080 2333 2356 2401 Punicae
2423 2335 2936 2411 circumventoe3

733 2436 962 2520 fugam
1007 2442 1249 2503 ceterae
1280 2437 1644 2521 ceperunt.⁸
1735 2436 1930 2502 Mille
1967 2444 2040 2502 et
2079 2436 2478 2523 septingenti
2503 2436 2690 2502 fuere
2716 2435 2788 2500 in
2817 2453 2938 2500 na·

736 2539 943 2605 vibus
972 2540 1181 2625 capti,
1220 2538 1473 2605 nlilites
1499 2546 1902 2626 nautaequ03
1945 2540 2015 2605 in
2055 2538 2162 2605 his
2195 2543 2330 2604 tres
2356 2537 2614 2605 nobiles
2661 2536 2939 2604 Cartha-

741 2642 1154 2726 giniensium.
1244 2642 1509 2710 Classis
1538 2643 1847 2708 Romana
1875 2642 2256 2723 incolumia,
2280 2662 2414 2708 una
2440 2647 2692 2709 tantum
2721 2641 2942 2726 perfo-

740 2753 897 2812 rata
946 2747 1125 2824 navi,
1176 2746 1297 2812 sed
1345 2766 1427 2813 ea
1473 2766 1748 2832 quoque
1794 2745 1953 2831 ipsa
1989 2745 2261 2824 reduce,
2309 2747 2378 2810 in
2425 2751 2690 2832 portum
2719 2745 2941 2811 rediit.

744 2847 1129 2914 Secundum
1154 2847 1328 2914 hanc
1357 2867 1677 2933 pugnam,
1707 2847 2000 2913 nondum
2021 2849 2251 2931 gnaris
2280 2847 2478 2934 ejus,⁹
2519 2849 2636 2934 qui
2677 2847 2946 2914 Messa-

744 2971 853 3018 nae
882 2958 1086 3028 erant,
1112 2951 1224 3017 Ti.
1267 2951 1708 3036 Sempronius
1735 2950 1970 3016 consul
1995 2949 2613 3017 Messanam-venit.
2702 2950 2787 3017 Εἰ
2813 2950 2945 3016 fre-

747 3059 892 3120 tum
920 3061 972 3092 ¹⁰
1013 3053 1439 3148 intranti'rex
1471 3052 1683 3118 Hiero
1712 3053 2000 3119 classem
2053 3061 2358 3120 ornatam
2387 3055 2654 3124 obviam
2707 3053 2944 3120 duxit:

749 3163 1337 3241 transgressusque
1390 3175 1477 3221 ex
1506 3155 1691 3239 regia
1733 3157 1800 3222 in
1838 3157 2222 3243 praetoriam
2269 3177 2526 3236 navem,
2574 3157 2948 3242 gratulatus

753 3257 1081 3342 sospitem
1111 3276 1265 3324 cum
1294 3261 1591 3326 exercitu
1638 3265 1708 3326 et
1749 3261 2037 3326 navibus
2078 3260 2461 3340 advenisse,
2502 3268 2948 3347 precatusque

753 3379 1153 3447 prosperum
1184 3381 1264 3427 ac
1288 3361 1547 3429 felicem
1570 3363 1638 3428 in
1667 3363 1967 3430 Siciliam
1995 3365 2380 3447 transitum3
2429 3367 2674 3430 statum
2703 3361 2950 3430 deinde

756 3465 999 3531 insulse
1030 3472 1098 3529 et
1126 3463 1771 3549 Carthaginiensium
1803 3469 2046 3532 conata
2076 3468 2433 3552 exposuit:
2477 3466 2953 3552 pollicitusque

762 3575 892 3646 est,
924 3586 1061 3653 quo
1112 3567 1337 3633 animo
1366 3567 1586 3653 priore
1633 3569 1818 3636 bello
1869 3569 2197 3655 populum
2251 3569 2638 3637 Romanum
2673 3569 2954 3654 juvenis

765 3671 1155 3754 adjuvisset,
1183 3689 1267 3735 eo
1298 3690 1522 3737 senem
1552 3671 1961 3758 adjuturum.
2055 3671 2488 3739 Frumentum
2528 3674 2953 3741 vestimenta-

766 3793 899 3858 que
956 3792 1109 3837 sese
1166 3772 1549 3857 legionibus
1608 3775 1911 3840 consulis
1951 3776 2295 3864 sociisque
2353 3777 2708 3844 navalibus
2753 3776 2955 3862 gratis

830 3981 868 4008 ¹⁸
904 3973 1107 4033 Qffldo
1127 3973 1326 4038 navigia
1343 3976 1537 4030 mili«
1552 3992 1580 4029 e
1594 3977 1816 4044 proximo
1835 3976 2035 4030 invicem
2049 3978 2474 4032 mittebatur.

1687 4155 2045 4181 mmo

841 4292 871 4338 5
906 4285 922 4314 ‘
944 4285 1378 4346 Gruter-ussum
1398 4296 1716 4354 expunctum
1731 4291 1918 4355 vellet,
1937 4307 2036 4358 ego
2051 4294 2209 4358 malle,
2229 4291 2274 4342 ui
2289 4306 2417 4358 opus
2438 4297 2615 4342 esset:
2647 4291 2740 4343 sed
2763 4297 2970 4344 :meat

775 4355 1091 4416 utrumque.’
1114 4347 1173 4401 J.
1198 4351 1257 4400 F.
1284 4354 1598 4407 Gronau—6
1629 4356 1852 4408 Habebat
1873 4357 2005 4408 Edu.
2029 4372 2205 4408 omnes
2224 4365 2342 4409 ante
2365 4357 2630 4409 Drak.—T
2663 4356 2804 4410 Olim
2826 4358 2968 4424 lege·

776 4417 931 4472 batur
948 4422 1165 4468 eonem«
1182 4423 1463 4472 mam.-8
1496 4421 1621 4473 vet.
1644 4421 1735 4474 hb.
1757 4423 1898 4489 apud
1917 4423 2091 4492 Sigon.
2107 4423 2464 4489 ceter-asma
2477 4428 2676 4488 σιμ-9
2708 4422 2793 4476 ΑΙ.
2811 4423 2966 4476 eis.-
