3300 5225
763 460 938 529 1586

765 1118 940 1185 Polyb.

1724 479 1796 529 Τ.
1842 479 2039 528 mvn

1091 615 1392 680 dationem
1416 624 1713 700 potuerat,
1738 616 1988 680 dividit:
2028 617 2111 680 de
2144 619 2539 700 gregariorum
2562 615 2889 702 stipendiis,
2924 627 2993 678 ut

1092 733 1274 794 quam
1312 715 1646 776 maturrime
1682 714 2006 789 solvantur,
2048 715 2161 777 sibi
2184 735 2342 777 curat
2365 715 2627 778 futurum
2662 735 2791 778 esse
2814 735 2991 796 spon·

1091 810 1216 874 det.

1169 911 1232 966 6.
1277 905 1508 986 Magna
1529 908 1620 969 vis
1644 909 1926 969 orationis
1964 916 2055 968 est
2094 909 2157 972 in
2200 917 2463 989 tempore
2492 907 2795 980 adhibitae,
2840 926 2990 987 prae·

1093 1002 1291 1064 sertim
1305 1004 1356 1064 si
1373 1003 1665 1082 gravitate
1682 1023 1911 1065 morum
1936 1003 2087 1066 fides
2100 1004 2347 1066 sermoni
2360 1004 2709 1066 concilietur
2728 1023 2744 1064 ε
2771 1002 2994 1064 assensi

1091 1109 1249 1160 certe
1295 1108 1435 1160 sunt
1465 1101 1743 1172 universi,
1786 1121 2141 1182 operamque
2184 1121 2351 1161 suam
2386 1100 2464 1161 ad
2504 1099 2889 1162 continendos
2932 1099 2993 1159 in

1089 1194 1284 1256 officio
1323 1195 1539 1256 milites
1567 1195 1841 1256 alacriter
1873 1196 2228 1258 obtulerunt.
2312 1195 2587 1256 Himilco
2610 1195 2884 1256 laudatos
2930 1203 2994 1256 et

1091 1292 1359 1372 ampliori
1381 1313 1488 1376 spe
1513 1292 1777 1362 incensos
1804 1293 1887 1354 ire
1908 1293 2217 1354 confestim
2230 1291 2311 1352 ad
2326 1313 2461 1354 suos
2482 1312 2775 1372 quemque
2788 1292 2992 1371 jubet,

1088 1409 1441 1469 operamque
1467 1388 1632 1461 dare,
1660 1399 1729 1450 ut
1742 1390 1803 1450 in
1818 1389 1937 1450 fide
1954 1399 2133 1471 atque
2148 1396 2438 1471 potestate
2456 1389 2591 1450 sint.
2654 1389 2853 1449 Mittit
2868 1407 2994 1448 una

1093 1483 1526 1557 Hannibalem,
1545 1485 1735 1546 filium
1754 1487 1882 1566 ejus
1900 1484 2267 1547 Hannibalis
2284 1487 2469 1566 quiin
2496 1483 2775 1546 Sardinia
2802 1485 2989 1566 perie-

1091 1589 1205 1652 rat,
1231 1589 1292 1640 et
1315 1580 1613 1642 Achaeum
1637 1581 2017 1644 Alexonem:
2060 1582 2229 1642 illum
2255 1581 2336 1642 ad
2370 1580 2609 1652 Gallos,
2654 1582 2873 1662 quibus
2910 1600 2988 1642 ex

1091 1680 1279 1739 veteri
1301 1678 1648 1741 commilitio
1692 1689 1863 1742 notus
1905 1689 1967 1742 et
1998 1689 2278 1762 aceeptus
2316 1689 2481 1750 erat3
2527 1678 2873 1741 Alexonem
2912 1679 2993 1740 ad

1091 1783 1320 1835 ceteros
1342 1776 1494 1837 varii
1519 1777 1749 1856 generis
1772 1776 2183 1850 mercenarios,
2206 1777 2480 1837 omnibus
2496 1795 2574 1836 ex
2594 1795 2765 1857 aequo
2790 1795 2993 1839 carum

1093 1880 1458 1952 gratumque.
1541 1872 1639 1933 Hi
1662 1871 1843 1934 fidem
1864 1893 2030 1936 suam
2066 1875 2521 1955 interponentes,
2544 1881 2677 1934 rata
2709 1871 2835 1934 fore
2858 1893 2995 1954 quie

1096 1967 1372 2030 Himilco
1395 1969 1775 2050 promisisset,
1814 1972 2115 2050 negotium
2158 1969 2310 2031 adeo
2354 1989 2432 2031 ex
2472 1970 2767 2030 sententia
2799 1969 2993 2051 perfe-

1093 2083 1249 2135 cere,
1275 2074 1344 2125 ut
1366 2067 1546 2146 paulo
1573 2076 1711 2147 post
1726 2087 1987 2130 reversos
2008 2067 2089 2128 ad
2106 2067 2322 2128 moenia
2337 2065 2665 2147 proditores
2680 2085 2799 2127 non
2816 2065 2995 2128 modo

1095 2171 1495 2222 aversarentur
1527 2182 1753 2236 omnes,
1776 2163 1885 2225 sed
1914 2164 2099 2226 etiam
2130 2162 2411 2226 conviciis
2434 2160 2683 2242 telisque
2720 2161 2877 2222 ultro
2902 2181 2995 2222 ar-

1095 2266 1316 2319 cerent.
1397 2257 1483 2318 Et
1499 2259 1562 2320 hi
1581 2260 1823 2340 quidem
1856 2259 1937 2320 ad
1958 2259 2229 2322 consules
2244 2280 2306 2320 re
2332 2258 2552 2320 infecta
2575 2259 2839 2338 regresd,
2864 2278 2995 2319 mu·

1097 2354 1332 2414 neribus
1349 2363 1548 2416 tamen
1571 2355 1926 2436 quibusdam
1962 2365 2025 2416 et
2050 2357 2204 2436 agris
2244 2353 2307 2416 iii
2348 2355 2559 2417 Sicilia
2593 2355 2797 2417 donati
2836 2364 2995 2416 mn

1098 2449 1380 2511 Ceterum
1407 2451 1733 2512 Poenorum
1758 2473 1851 2513 res
1871 2452 2183 2534 improviso
2218 2451 2377 2512 malo
2414 2472 2597 2533 prope
2632 2451 2994 2534 desperatio-

1095 2565 1232 2608 nem
1255 2547 1546 2608 adductas
1567 2567 1641 2608 eo
1660 2555 1923 2631 tempore
1949 2547 2099 2609 fides
2130 2547 2431 2609 Alexonis
2468 2549 2849 2610 sustentavit:
2891 2548 2999 2630 qui

1093 2646 1252 2727 prius
1283 2646 1528 2721 servatis
1547 2645 1753 2707 itidem
1791 2646 2223 2726 Agrigentinis,
2266 2645 2480 2727 quibus
2518 2646 2697 2707 simili
2734 2646 2995 2727 quodam

1091 2742 1313 2803 scelere
1352 2743 1695 2804 mercenarii
1740 2741 2238 2823 Syracusanorum
2276 2741 2536 2803 insidiati
2572 2742 2829 2814 fuerant,
2854 2743 2995 2822 jure

1091 2860 1199 2900 suo
1217 2840 1557 2899 memoriam
1577 2838 1931 2919 laudemque
1951 2840 2013 2898 in
2037 2839 2281 2900 historia
2299 2836 2529 2905 meruit.

1055 2981 1072 2999 .
1177 2944 1235 3001 7.
1280 2936 1610 2997 creverunt
1653 2936 1866 2997 deinde
1902 2938 2150 2997 obsessis
2194 2937 2371 2996 animi
2418 2935 2679 2997 adventu
2714 2956 2994 2998 novorum

1097 3033 1472 3094 auxiliorum.
1556 3031 2073 3111 Carthaginienses
2114 3034 2295 3105 enim,
2335 3032 2477 3095 licet
2512 3032 2701 3112 ignari
2732 3033 2995 3093 omnium

1097 3148 1231 3214 quae
1257 3126 1510 3209 Lilybaei
1531 3137 1695 3209 gesta
1720 3136 1933 3201 essent,
1972 3148 2062 3189 res
2096 3149 2211 3190 non
2244 3131 2522 3209 segnibus
2556 3128 2817 3191 consiliis
2840 3129 2995 3191 indi-

1097 3244 1234 3304 gere
1249 3224 1624 3304 judicabant.
1706 3224 1901 3304 Igitur
1924 3224 2263 3287 Adherbali
2280 3227 2365 3286 rei
2386 3225 2691 3287 maritimae
2716 3224 2995 3307 praefecto

1097 3323 1398 3401 negotium
1437 3321 1747 3393 dederant,
1792 3330 1859 3382 ut
1898 3320 2087 3383 classe
2124 3331 2468 3404 comparata
2500 3322 2767 3392 militem,
2810 3342 2995 3383 anno-

964 3460 1039 3495 m
1095 3438 1258 3489 nam,
1293 3427 1356 3479 et
1379 3419 1693 3500 pecuniam
1719 3417 2051 3499 Lilybaeum
2090 3418 2502 3481 introduceret.
2582 3418 2693 3479 Ab
2718 3418 2833 3479 hoc
2856 3420 2995 3479 mis-

1095 3536 1195 3575 sus
1223 3513 1589 3577 Hamilcaris
1613 3513 1771 3575 filius
1798 3514 2137 3585 Hannibal,
2177 3517 2257 3576 ab
2284 3516 2543 3595 AEgusis,
2583 3535 2732 3595 quas
2753 3524 2995 3586 vocant,

1098 3611 1324 3683 insulis,
1351 3621 1591 3675 ventum
1613 3619 2006 3694 opportunum
2020 3620 2249 3683 nactus,
2270 3620 2435 3673 reeta
2460 3612 2650 3673 fronte
2672 3610 2995 3693 Lilybaeta-

1097 3728 1238 3768 num
1262 3716 1494 3789 portum
1521 3708 1697 3788 petit,
1725 3709 2035 3771 instructos
2058 3708 2121 3769 in
2142 3707 2391 3769 navibus
2413 3709 2639 3769 habens
2662 3706 2899 3779 milites,
2934 3718 2999 3769 et

1028 3816 1038 3823 ·
1095 3804 1146 3864 si
1168 3804 1299 3884 quis
1315 3803 1622 3864 obsisteret
1645 3805 1709 3863 vi
1735 3812 2129 3885 perrupturus.
2210 3802 2252 3863 J
2254 3823 2353 3863 am
2385 3804 2465 3865 ab
2490 3803 2813 3865 obsidionis
2835 3804 2995 3886 prin—

1097 3901 1256 3980 cipio
1297 3908 1496 3981 porms
1529 3899 1755 3961 aditum
1810 3900 2225 3961 obstruxerant
2278 3898 2563 3972 Romani,
2622 3900 2887 3961 demissis
2936 3900 2998 3967 in

1097 3995 1346 4057 fundum
1393 3996 1572 4056 maris
1625 3996 1879 4057 cercuris
1917 3994 2277 4077 quindecim,
2320 4016 2473 4076 quos
2510 3996 2588 4057 ad
2629 3997 2785 4057 hunc
2822 4017 2995 4059 usum

1096 4090 1394 4173 lapidibus
1419 4102 1820 4153 oneraverant.
1904 4092 2097 4172 Igitur
2123 4093 2339 4174 partim
2364 4094 2545 4153 hostis
2566 4092 2864 4154 celeritate
2889 4093 2996 4154 de·

1098 4188 1386 4270 prehensi,
1430 4189 1642 4270 partim
1684 4196 2029 4260 metuentes,
2072 4210 2149 4249 ne
2190 4198 2495 4251 ventorum
2536 4190 2596 4249 vi
2636 4188 2903 4251 convulsi
2932 4199 2998 4250 et

1099 4285 1210 4366 ipsi
1235 4286 1294 4346 in
1325 4294 1555 4367 portum
1579 4294 1642 4347 et
1668 4286 1857 4349 intuta
1882 4286 2292 4368 navigantibus
2329 4284 2471 4349 loca
2487 4295 2845 4368 raperentur,
2884 4286 2993 4347 ad-
