3300 5225
733 192 912 261 2052
1676 202 1749 251 τ.
1794 202 1867 251 m
1880 202 1985 251 vu

734 360 899 432 erat,
929 358 1072 418 tum
1089 348 1482 435 praesidium
1511 346 1578 412 in
1609 365 1767 411 arce
1793 344 2114 421 validum,
2144 344 2671 429 praefectumquo
2701 347 2945 429 praesi-

737 455 834 521 dii
860 452 1040 519 haud
1067 470 1234 517 sane
1265 456 1721 537 opportunum
1750 447 2242 525 insidiantibus,
2272 448 2583 513 habebat.
2628 448 2712 513 L.
2734 449 2947 515 Pina-

737 558 878 623 rius
905 562 1047 621 erat
1075 554 1178 619 vir
1207 572 1382 630 acer,
1413 557 1484 618 et
1514 552 1630 637 qui
1662 552 1819 636 plus
1848 552 1916 615 in
1948 569 2055 630 eo,
2086 568 2169 615 ne
2198 557 2438 634 posset
2466 550 2715 635 decipi,
2738 570 2951 635 quam

737 661 812 727 in
859 658 992 725 fide
1031 657 1435 733 Siculorum,
1483 660 1837 736 reponeret.
1924 653 2017 718 Et
2058 658 2197 719 tum
2224 652 2641 718 intenderant
2668 673 2827 717 eum
2856 652 2949 717 ad

741 760 1024 829 cavendi
1054 758 1278 824 omnia
1304 774 1532 821 curam
1551 754 1602 795 ¹⁸
1635 762 1741 821 tot
1770 754 2021 820 auditae
2047 755 2469 839 proditiones
2498 756 2953 821 defectiones-

738 882 872 950 que
909 862 1194 937 urbium,
1235 862 1306 924 et
1349 857 1582 923 clades
1623 856 2111 941 praesidiorum.
2200 856 2439 941 Itaque
2468 866 2667 923 nocte
2697 857 2951 943 dieque

727 966 934 1051 juxta
960 970 1200 1049 parata
1221 960 1687 1045 instructaque
1709 959 1933 1025 omnia
1962 958 2294 1025 custodiis
2324 978 2408 1023 ac
2435 959 2687 1043 vig-iliis
2715 973 2945 1026 erant:

739 1088 862 1134 nec
911 1067 1000 1133 ab
1041 1062 1248 1131 armis
1296 1069 1417 1129 aut
1455 1062 1612 1128 loco
1651 1080 1779 1126 suo
1828 1060 2019 1126 miles
2057 1060 2487 1127 abscedebat.
2576 1059 2789 1140 Quod
2828 1063 2951 1127 ubi

741 1167 1214 1235 Hennensium
1252 1163 1613 1249 principes,
1647 1163 1795 1249 jam
1835 1164 2021 1248 pacti
2064 1182 2217 1228 cum
2256 1162 2643 1229 Himilcone
2670 1163 2757 1228 de
2784 1184 2953 1248 pro-

671 1320 684 1339 .
743 1270 990 1339 ditione
1042 1267 1363 1354 praesidii,
1425 1266 2048 1346 animadverterunt,
2086 1266 2253 1331 nulli
2296 1266 2638 1331 occasioni
2680 1267 2951 1333 fraudis

743 1374 1128 1441 Romanum
1167 1376 1422 1457 patere,
1458 1370 1691 1453 palam
1724 1376 1953 1435 rentur
1980 1364 2413 1453 agendum.¹⁹¹
2500 1374 2525 1405 ‘
2552 1368 2809 1434 Urbem
2843 1389 2951 1435 ar-

745 1496 1026 1562 cemque
1063 1475 1208 1540 sutri
1255 1472 1663 1558 potestatis:
1702 1472 1919 1550 aiunt,
1970 1476 1993 1507 ‘
2028 1472 2267 1537 debere
2306 1492 2484 1549 esse,
2536 1474 2597 1538 si
2634 1474 2831 1538 liberi
2874 1476 2953 1539 in

745 1580 1160 1671 societatem,
1189 1594 1328 1641 non
1359 1574 1538 1639 servi
1568 1574 1640 1640 in
1673 1574 2067 1652 custodiam,
2090 1575 2321 1641 traditi
2344 1583 2571 1641 essent
2590 1574 2955 1641 Romanis.

745 1680 992 1763 ltaque
1021 1678 1250 1745 claves
1275 1684 1620 1762 portarum
1660 1672 1850 1741 reddi
1882 1676 2049 1741 sibi’
2074 1696 2345 1762 &equum
2374 1683 2675 1744 censent.
2748 1683 2771 1713 ‘
2804 1678 2953 1743 Bo-

745 1784 850 1849 nis
877 1781 1087 1847 sociis
1119 1778 1322 1845 fidem
1353 1796 1548 1844 suam
1573 1778 1941 1845 maximum
1970 1779 2309 1845 vinculum
2341 1799 2539 1845 esse:
2584 1789 2657 1847 et
2682 1782 2781 1845 ita
2812 1781 2957 1845 sibi

747 1882 1084 1970 populum
1114 1880 1502 1947 Romanum
1533 1888 1981 1964 senatumque
2010 1884 2261 1964 gratias
2303 1881 2705 1963 habiturum,
2736 1883 2801 1947 si
2828 1902 2953 1947 vo-

744 1986 956 2053 lentes
999 2006 1083 2051 ac
1120 2004 1248 2050 non
1293 1984 1514 2050 coacti
1557 1984 1969 2049 mansissent
2009 1984 2075 2047 in
2116 1982 2461 2049 amicitia.’
2542 1982 2655 2049 Ad
2685 2004 2773 2049 ea
2804 1984 2957 2049 Ro-

745 2107 1004 2167 manus,
1051 2092 1073 2125 ⁴
1107 2087 1198 2153 Se
1242 2086 1308 2151 in
1337 2085 1657 2169 proesidio
1694 2086 2083 2168 impositum
2116 2084 2313 2165 esse,’
2350 2086 2591 2166 dicere,
2636 2091 2659 2121 ‘
2690 2089 2781 2153 ab
2825 2088 2957 2153 im-

747 2197 1055 2275 peratore
1101 2207 1268 2269 suo;
1313 2188 1685 2271 clavesque
1734 2192 2075 2271 portarum
2114 2195 2181 2253 et
2224 2190 2601 2254 custodiam
2642 2191 2821 2255 arcis
2860 2190 2957 2254 ab

750 2312 836 2356 eo
881 2290 1266 2374 accepisse,
1311 2307 1468 2373 quae
1509 2308 1632 2353 nec
1677 2306 1802 2353 suo
1846 2308 1971 2352 nec
2008 2288 2472 2355 Hennensium
2516 2291 2793 2355 arbitrio
2830 2290 2953 2356 ha-

749 2394 957 2470 beret,
982 2392 1102 2457 sed
1127 2393 1301 2478 ejus,
1334 2392 1453 2476 qui
1480 2390 1955 2456 commisisset.
2044 2392 2381 2457 Praesidio
2405 2393 2733 2475 decedere
2762 2394 2959 2478 apud

755 2494 1110 2561 Romanos
1141 2493 1402 2581 capital
1439 2512 1593 2559 esse
1611 2513 1634 2576 3
1655 2500 1771 2533 ⁸⁰¹³
1816 2500 1885 2559 et
1920 2514 2083 2561 nece
2132 2496 2487 2562 liberorum
2531 2497 2739 2561 etiam
2788 2515 2953 2561 suo-

1668 2673 1971 2696 ommno
1940 2675 2032 2698 000

749 2801 816 2848 18
851 2799 930 2848 Ad
961 2797 1216 2847 scandum
1253 2795 1380 2844 onai
1413 2807 1528 2845 m
1565 2793 1701 2844 Edd.
1734 2801 1857 2844 aute
1890 2793 2125 2844 Gronov.
2157 2801 2213 2845 et
2246 2795 2482 2861 plerique
2502 2797 2953 2848 Μαι-196134.

747 2865 846 2913 bn
865 2867 1032 2912 rentu-
1047 2862 1298 2922 “eadm-
1361 2859 1426 2910 Id
1451 2859 1669 2924 antiqua
1696 2874 1853 2910 manu
1886 2867 2121 2910 notatum
2162 2861 2215 2910 in
2248 2875 2411 2922 marg.
2484 2863 2589 2912 Mn.
2616 2862 2765 2911 Voss.
2803 2869 2955 2925 pa·-

747 2929 1121 2989 erat-gendum
1148 2940 1198 2974 c.
1237 2925 1362 2976 Pnt.
1389 2926 1631 2989 piac-erut
1663 2927 1899 2987 egeam
1932 2926 2116 2989 reliqui
2136 2925 2265 2975 Mu.
2302 2936 2359 2976 et
2384 2927 2519 2976 Edd.
2556 2935 2681 2976 ante
2712 2927 2955 2978 Gronov.

751 2992 834 3041 nis
811 2992 854 3040 si
879 2992 1016 3056 quod
1037 2991 1246 3055 qnidam
1271 2990 1404 3038 Mse-
1431 2998 1550 3054 pout
1579 2990 1819 3052 ptmmt
1849 2989 2050 3039 addunt
2084 2991 2137 3040 vi
2172 2997 2225 3040 et
2256 2991 2428 3041 aliter.-
2462 2993 2599 3042 Edd.
2623 2999 2795 3041 autem
2822 3002 2957 3044 unte

747 3055 876 3106 illud
897 3061 1134 3144 eperum
1161 3057 1418 3120 pupulam.
1483 3053 1620 3104 Edd.
1642 3055 1797 3106 Cret.
1817 3063 1873 3104 et
1896 3055 2061 3106 Gran.
2093 3055 2250 3118 pulem
2270 3063 2377 3106 erut
2396 3059 2631 3119 egendum
2651 3071 2720 3106 ex
2740 3059 2959 3108 emend.

752 3119 913 3184 Lips!
949 3121 1152 3184 Repen-
1154 3123 1330 3170 —20‘
1355 3119 1598 3168 Presidio
1631 3121 1853 3169 decedere
1886 3121 2013 3184 apud
2052 3119 2287 3170 Romo·
2315 3122 2493 3186 capitul
2524 3137 2641 3171 esu.
2720 3121 2807 3174 Ita
2838 3123 2956 3174 Ma.

753 3187 881 3237 Put.
901 3193 960 3237 et
981 3185 1102 3236 Pet.
1125 3199 1220 3250 pro
1243 3183 1382 3249 vulg.
1402 3185 1623 3249 ospitale.
1656 3199 1707 3236 v.
1728 3185 1795 3235 ad
1818 3197 1907 3236 ιιι.
1932 3189 2009 3236 ιι.
2026 3187 2078 3235 4.
2100 3193 2157 3234 et
2176 3185 2269 3236 Sil.
2293 3199 2423 3236 xm.
2446 3192 2561 3237 155.
2582 3187 2743 3253 quib.
2762 3189 2798 3238 1.
2824 3197 2957 3240 ante

1740 3364 1960 3416 Nomi:

751 3481 1013 3532 Plutonia
1033 3479 1211 3530 dicto.
1243 3479 1516 3531 Cluverius
1533 3495 1671 3534 nuuc
1695 3483 1813 3532 Ces·
1890 3479 2064 3544 fallor,
2108 3480 2161 3531 in
2204 3481 2436 3545 margine
2479 3481 2675 3532 codicis
2704 3483 2959 3535 vos-inni

753 3565 830 3610 tn
867 3558 1024 3608 Jonas·
1067 3556 1171 3607 dici
1219 3557 1350 3620 vult,
1393 3571 1513 3622 quo
1555 3559 1812 3624 hodieque
1892 3558 2173 3622 ucriptu-
2210 3557 2427 3622 antiqua
2461 3571 2633 3620 mann,
2655 3565 2791 3608 teste
2810 3560 2959 3612 Gro-

751 3649 858 3686 nua
891 3641 970 3682 est
996 3647 1062 3681 ex
1101 3631 1356 3696 primariis
1376 3633 1566 3682 Sicilie
1588 3633 1814 3684 eivitati—
1892 3648 2012 3684 nov·
2042 3635 2201 3697 palan
2218 3639 2389 3684 rentur
2400 3637 2667 3696 «μαι-.-
2698 3637 2789 3685 alii
2808 3639 2957 3688 eui-

751 3709 848 3760 bus
871 3710 926 3758 in
944 3709 1094 3758 Valle
1117 3707 1266 3758 Noti.
1297 3707 1404 3758 Sed
1423 3707 1669 3760 Nicolaus
1683 3710 1811 3760 San·
1892 3711 2073 3775 scripti
2104 3710 2297 3761 babent
2316 3711 2559 3774 placuerat
2584 3715 2841 3774 mun,
2872 3731 2959 3766 re-

751 3797 1092 3850 sosuperesse
1109 3783 1276 3834 adhuc
1291 3784 1452 3834 Enna
1469 3799 1657 3836 nomen
1672 3785 1814 3838 affir·
1892 3787 2011 3840 eisin
2034 3788 2198 3838 tribus
2219 3789 2449 3845 vocibus,
2468 3803 2585 3854 qun
2624 3791 2679 3840 in
2708 3792 2957 3857 vulg-tin,

753 3871 860 3914 mat
882 3863 948 3913 ad
971 3861 1224 3912 orientem
1261 3861 1442 3926 oppidi
1472 3863 1610 3914 illius
1638 3865 1815 3916 caum
1896 3864 1981 3916 ubi
2026 3866 2219 3929 legitur
2256 3871 2419 3930 epate
2454 3879 2513 3914 ue
2558 3867 2805 3929 νομισ-
2846 3875 2959 3920 erut

751 3938 923 3988 dmi.
1892 3943 2146 4005 qen-dun.

821 4013 834 4047 ¹
865 4015 1041 4065 Palam
1059 4017 1225 4062 natur
1253 4011 1410 4078 [me]
1441 4015 1699 4080 agendam]
1732 4018 1814 4068 Ex
1958 4026 1997 4052 ¹¹
2032 4020 2223 4084 capitul
2256 4016 2507 4082 [capitale]
2540 4019 2667 4084 esse]
2720 4019 2955 4072 Quidam

752 4091 1050 4156 conjectura
1091 4089 1254 4156 Lipsii
1291 4097 1394 4144 est.
1479 4091 1717 4158 Optime,
1758 4095 1816 4146 ni
1892 4095 2429 4162 codiceseqn'tdeuoe.
2490 4093 2595 4145 Sed
2616 4095 2743 4161 quid
2766 4097 2953 4149 bocad

291 4935 3259 5156 ᾏ
