3300 5225
726 452 898 519 1808
1665 469 1734 517 τ.
1787 467 1974 516 mvn

724 614 990 697 agmine
1018 613 1465 678 onerariarum
1494 610 1729 697 procul
1757 610 1931 689 visa,
1963 628 2116 676 cum
2145 629 2391 693 magna
2413 609 2648 677 laetitia
2669 611 2918 677 civium

724 716 1213 800 sociorumque,
1242 720 1511 799 portum
1532 713 1938 777 Tarraconis
1966 730 2056 777 ex
2087 710 2231 777 alto
2261 711 2498 776 tenuit.
2569 711 2680 778 Ibi
2705 714 2916 779 milito

724 819 1061 903 exposito,
1105 818 1449 901 profectus
1474 818 1716 900 Scipio
1746 816 1930 882 fratri
1959 836 2034 881 se
2067 815 2446 900 conjungit:
2467 824 2496 866 ⁹
2549 834 2632 880 ac
2671 815 2912 880 deinde

724 922 1064 987 communi
1104 921 1329 985 animo
1358 921 1782 1004 consilioque
1821 920 2135 1000 gerebant
2177 917 2450 982 bellum.
2539 916 2918 1003 Occupatis

724 1024 929 1106 igitur
955 1022 1631 1104 Carthaginiensibus
1661 1022 2064 1087 Celtiberico
2092 1020 2299 1095 bello,
2329 1019 2508 1085 haud
2533 1026 2918 1086 cunctanter

724 1126 990 1191 Iberum
1016 1124 1605 1207 transgrediuntur,
1636 1144 1762 1189 nec
1791 1124 1930 1189 ullo
1959 1123 2102 1189 viso
2130 1123 2346 1203 hoste,
2378 1125 2746 1207 Saguntum
2771 1142 2916 1207 per-

724 1236 887 1311 gunt
930 1228 1053 1306 ire,
1098 1226 1281 1311 quod
1320 1227 1415 1291 ibi
1461 1228 1732 1292 obsides
1779 1226 1986 1291 totius
2035 1225 2394 1309 Hispaniae
2423 1225 2758 1291 custodiae
2787 1233 2920 1291 tra-

726 1330 903 1397 ditos
948 1331 1037 1395 ab
1090 1329 1485 1395 Hannibale
1531 1329 1718 1394 fama
1767 1336 1912 1393 crat
1959 1327 2226 1393 modico
2277 1328 2348 1391 in
2392 1345 2542 1393 arce
2601 1326 2924 1392 custodiri

724 1433 1063 1517 praesidio.
1150 1430 1237 1496 Id
1266 1450 1467 1497 unum
1498 1431 1739 1515 pignus
1787 1429 2140 1495 inclinatos
2169 1428 2258 1495 ad
2289 1428 2667 1494 Romanam
2701 1432 2920 1495 socie·

724 1543 933 1601 tatem
980 1534 1277 1601 omnium
1326 1534 1690 1618 Hispaniae
1737 1533 2142 1618 populorum
2193 1533 2454 1597 animos
2503 1531 2922 1613 morabatur,

722 1658 809 1703 ne
849 1637 1171 1721 sangnine
1202 1637 1475 1703 liberum
1502 1641 1557 1674 ¹⁰
1606 1657 1880 1702 suorum
1919 1636 2128 1720 culpa
2172 1635 2576 1701 defectionis
2605 1634 2922 1701 lucretur.

726 1738 833 1805 Eo
858 1740 1133 1805 vinculo
1164 1738 1573 1823 Hispaniam
1604 1739 1706 1802 vir
1743 1758 1944 1816 unus,
1983 1738 2210 1803 solerti
2250 1738 2464 1820 magis
2495 1757 2702 1822 quam
2730 1737 2922 1805 fidoli

727 1841 1088 1919 consilio,¹¹
1139 1842 1453 1907 exsolvit.
1541 1838 1817 1905 Abelux
1853 1848 1996 1905 erat
2035 1841 2314 1923 Sagunti
2356 1841 2610 1905 nobilis
2656 1840 2920 1925 Hispa-

723 1951 926 2023 nus‚¹²
956 1942 1131 2009 fidus
1158 1949 1310 2010 ante
1334 1944 1611 2009 Poenis:
1644 1952 1779 2008 tum
1805 1942 2072 2028 (qualia
2092 1942 2486 2028 plerumque
2509 1950 2555 1990 ¹³
2587 1950 2745 2008 sunt
2766 1945 2918 2009 bar.-

723 2048 1037 2113 batorum
1064 2044 1363 2130 ingenia)
1390 2066 1547 2111 cum
1570 2046 1834 2111 fortuna
1873 2052 2248 2111 mutaverat
2290 2045 2514 2112 fidem.
2582 2044 2923 2113 ceterum,

725 2149 1161 2231 transfugam,
1192 2149 1337 2214 sine
1356 2169 1617 2232 magnae
1638 2148 1736 2213 rei
1765 2148 2140 2233 proditione
2160 2149 2527 2214 venientem
2551 2148 2637 2213 ad
2662 2149 2922 2227 hostes,

722 2251 891 2316 nihil
919 2249 1106 2317 aliud
1138 2270 1341 2335 quam
1362 2272 1566 2317 unum
1597 2251 1730 2317 vile
1751 2260 1959 2336 atque
1983 2251 2225 2317 infame
2245 2270 2498 2336 corpus
2525 2270 2680 2316 esse
2709 2258 2920 2330 ratae,

724 2353 800 2420 id
846 2354 1111 2437 agebat,
1158 2361 1231 2419 ut
1279 2374 1485 2439 quam
1524 2354 1890 2420 maximum
1934 2354 2448 2419 emolumentum
2479 2356 2678 2420 novis
2711 2357 2920 2423 sociis

726 2465 933 2522 esset.
1021 2456 1551 2542 Circumspectis
1580 2457 1787 2540 igitur
1829 2458 2164 2536 omnibus,
2204 2478 2360 2542 quae
2405 2456 2669 2523 fortuna
2697 2471 2923 2543 potes-

725 2560 893 2626 tatis
934 2559 1085 2645 ejus
1131 2567 1395 2646 poterat
1431 2560 1678 2643 facere,
1721 2561 2071 2627 obsidibus
2114 2560 2536 2646 potissimum
2585 2561 2923 2628 tradendis

726 2663 1020 2730 animum
1063 2664 1314 2750 adjecit
1334 2675 1398 2727 τ’
1456 2685 1603 2730 eam
1648 2683 1850 2730 unam
1889 2684 2033 2729 rem
2075 2663 2375 2730 maxime
2419 2671 2602 2730 ratus
2641 2665 2923 2730 concili·

727 2776 988 2832 aturam
1054 2766 1383 2832 Romanis
1426 2768 1810 2853 principum
1865 2767 2223 2852 Hispaniae
2266 2767 2657 2832 amicitiam.
2771 2767 2914 2832 Sed

726 2887 904 2947 cum,
930 2869 1192 2953 injussu
1232 2870 1535 2936 Bostaris
1563 2870 1893 2955 praefecti,
1937 2870 2111 2936 satis
2159 2871 2380 2946 sciret,
2417 2870 2580 2935 nihil
2610 2870 2924 2936 obsidum

726 2972 1042 3038 custodes
1085 2973 1381 3039 facturos
1425 2994 1605 3053 esse,
1660 2973 2016 3040 Bostarem
2065 2975 2292 3058 ipsum
2333 2977 2472 3038 arte
2521 2973 2922 3057 aggreditur.

726 3072 967 3140 Castra
996 3081 1195 3141 extra
1225 3077 1451 3140 urbem
1482 3077 1734 3160 inipso
1765 3077 1987 3142 littore
2018 3078 2310 3141 habebat
2350 3075 2625 3155 Bostar,
2671 3083 2748 3140 ut
2777 3075 2924 3141 adi-

728 3181 867 3242 tum
892 3195 977 3242 ea
999 3185 1187 3260 parte
1202 3184 1254 3227 ¹⁴
1281 3179 1744 3244 intercluderet
1767 3179 2117 3244 Romanis.
2177 3178 2287 3244 Ibi
2311 3199 2462 3244 eum
2487 3178 2556 3244 in
2581 3187 2920 3244 secretum

729 3277 1117 3360 abductum,
1164 3280 1345 3346 velut
1381 3282 1811 3364 ignorantem,
1860 3287 2101 3362 monet,
2152 3300 2290 3367 quo
2339 3289 2514 3347 statu
2539 3288 2590 3330 ¹⁵
2639 3283 2730 3347 sit
2774 3300 2922 3346 resa

793 3471 821 3506 v
856 3463 980 3512 Cum
1002 3464 1159 3514 mia
1176 3463 1518 3516 consideraun
1540 3481 1644 3529 qua
1666 3465 1869 3528 sorem
1890 3467 1942 3516 in
1969 3481 2114 3518 mans
2137 3483 2195 3517 oc
2223 3470 2459 3530 potestate
2478 3465 2628 3530 ipsius
2644 3467 2926 3516 constituere

726 3533 949 3593 pueran-
977 3529 1191 3578 animum
1216 3529 1424 3579 numne
1460 3531 1691 3596 applicuit
1721 3533 1785 3581 ed
1821 3533 2077 3582 tradendos
2110 3531 2326 3597 scip-'od
2361 3530 2544 3581 obside·
2575 3546 2689 3596 quor
2716 3531 2930 3595 Hispani

736 3593 1217 3658 cau-ruginacum
1235 3596 1483 3646 dederant.

1644 3709 2008 3731 ‘anneo-'000

724 3838 869 3901 ginta
887 3839 921 3888 1.
944 3836 1013 3888 n!
1047 3835 1273 3901 Rupert.
1339 3839 1461 3890 Cum
1484 3841 1667 3904 vig-inti
1682 3847 1742 3892 et
1759 3842 1855 3893 dat
1874 3841 2328 3907 Kreyssigius.-8
2363 3839 2448 3890 ΑΙ.
2467 3839 2766 3902 adiecta—0
2799 3839 2928 3891 Γω-

728 3904 801 3954 tri
818 3900 1122 3965 conducitur
1142 3903 1277 3954 Edu.-
1299 3911 1421 3955 ante
1446 3906 1739 3956 Dran—1⁰
1774 3907 1858 3959 Al.
1875 3909 2274 3958 liberaum—ll
2311 3907 2434 3955 Put.
2457 3905 2576 3955 Pet.
2598 3903 2796 3961 melior.
2817 3905 2926 3955 duo

732 3968 869 4018 Pau.
895 3969 1047 4018 Voss.
1063 3969 1272 4018 solertia
1289 3971 1446 4032 masis
1466 3971 1761 4036 qmflddi
1777 3973 2124 4023 omilim—12
2158 3979 2174 4002 ⁸
2190 3971 2379 4021 Abelux
2398 3975 2506 4020 erat
2527 3969 2734 4032 Sug-ati
2754 3968 2930 4020 nobilis

732 4033 809 4082 11·
928 4049 983 4084 ιω
996 4048 1017 4091 ,·
1048 4047 1171 4096 nou,
1194 4041 1251 4084 nt
1282 4035 1335 4084 in
1370 4043 1505 4086 antt.
1530 4037 1662 4087 Edd-
1684 4036 1889 4101 Abelox,
1913 4037 2007 4088 sed
2029 4037 2225 4088 rectius
2247 4034 2386 4086 forte
2406 4034 2597 4099 Abelux
2617 4043 2705 4085 aut
2727 4034 2928 4100 Amyc-

731 4097 745 4118 ’
874 4101 924 4160 νε
945 4113 1029 4162 ap.
1053 4098 1238 4163 Polyb.
1263 4113 1353 4151 nr.
1373 4103 1457 4150 98.
1478 4105 1563 4152 99.
1628 4102 1877 4164 Moxjoen
1893 4117 1987 4166 pro
2005 4108 2108 4152 tun
2121 4101 2259 4165 conj.
2285 4099 2555 4161 nearing-³
2587 4100 2927 4162 Rapum—18

738 4163 969 4227 Pleraque
1001 4163 1134 4213 Edd.
1164 4171 1285 4214 ante
1318 4165 1613 4216 nuh—14
1646 4169 1664 4196 ⁸
1684 4166 1772 4218 Ita
1791 4182 1886 4232 pro
1904 4169 2044 4232 vulg.
2065 4183 2129 4218 ex
2141 4173 2284 4232 portu
2304 4166 2435 4215 Mss-
2463 4164 2584 4214 Pet.
2603 4173 2658 4214 et
2675 4165 2928 4215 Cantabr-

734 4226 821 4290 (επ
852 4233 991 4291 parte
1022 4229 1159 4279 [θον.
1191 4239 1247 4280 et
1277 4229 1379 4282 duo
1402 4231 1664 4295 Hearnii,)
1687 4247 1814 4299 quos
1837 4241 2048 4284 secutus
2073 4247 2206 4298 sum,
2226 4231 2478 4281 suadente
2503 4229 2622 4282 Jnc.
2646 4228 2812 4279 Gron.
2837 4229 2928 4296 qul

734 4291 865 4342 bene
887 4300 1079 4350 monet,
1099 4294 1351 4358 Sagunto,
1376 4309 1555 4359 passm
1576 4297 1716 4347 mille
1738 4313 1770 4348 a
1791 4297 1920 4348 mari
1939 4299 2072 4360 sitm,
2089 4312 2190 4348 non
2211 4295 2370 4347 fnisse
2392 4302 2620 4360 portum,
2637 4301 2782 4344 certe
2805 4309 2925 4344 eum

734 4370 985 4425 nusquam
1000 4358 1309 4412 memorari-⁹
1328 4359 1533 4426 Rupert.
1566 4363 1651 4412 Ex
1659 4369 1798 4428 parte
1813 4363 1908 4416 dat
1925 4373 1981 4416 et
2001 4361 2482 4428 Kreyssigius.-15
2509 4358 2760 4412 Abmmoet
2771 4359 2826 4409 in
2841 4375 2934 4425 quo
