3300 5225
1009 503 1152 551 mn.
1200 501 1405 550 xxn.
1450 501 1611 552 cAP.
1659 483 1765 550 29.
2311 483 2484 550 1821

287 645 555 713 dentem
592 644 819 712 intulit
846 645 1163 729 equitem,
1190 653 1259 710 et
1289 645 1375 710 ad
1406 645 1599 729 signa
1634 643 1969 728 legionum
2005 641 2265 725 refugit.
2352 642 2486 708 Pe-

286 745 501 816 dituin
530 749 716 815 acies
744 749 918 813 inter
944 748 1292 832 perculsos
1338 746 1686 833 impavida
1719 745 1870 811 sola
1911 752 2083 823 erat,
2114 744 2488 830 videbatur·

285 870 443 934 que,
469 851 533 916 si
560 850 755 937 justa
780 856 899 915 aut
926 851 986 914 si
1010 856 1192 917 recta
1221 869 1447 934 pugna
1474 855 1706 931 esset:
1727 848 2238 933 haudquaquam
2265 848 2488 940 impar

283 952 531 1021 futura.
619 954 908 1019 Tantum
940 953 1322 1018 ‘animorum
1369 953 1615 1019 fecerat
1663 971 1982 1037 prospere
2031 956 2182 1015 ante
2226 969 2486 1034 paucos

286 1055 437 1122 dies
466 1076 579 1122 res
610 1063 819 1142 gesta.
907 1055 1043 1120 Sed
1067 1057 1279 1121 exorti
1310 1060 1578 1140 repente
1605 1052 2024 1119 insidiatores
2055 1072 2206 1117 eum
2237 1053 2487 1117 tumul-

283 1163 431 1224 tum
461 1165 927 1242 terroremque,
958 1159 1025 1222 in
1056 1158 1271 1222 latera
1306 1156 1637 1243 utrimque
1673 1156 1762 1222 ab
1790 1161 2110 1239 tergoque
2138 1155 2486 1220 incursan-

281 1266 415 1340 tes,
437 1260 754 1338 fecerunt,
780 1267 860 1326 ut
886 1280 1105 1345 neque
1134 1261 1395 1327 animus
1425 1260 1510 1327 ad
1539 1279 1862 1345 pugnam,
1890 1276 2108 1342 neque
2141 1256 2229 1323 ad
2256 1257 2486 1342 fugam

283 1383 451 1452 spes
482 1363 796 1448 cuiquam
826 1370 1238 1448 superesset.
1768 1382 1776 1392 ·

364 1465 478 1532 29.
519 1465 717 1533 Tunc
744 1466 1026 1546 Fabius,
1050 1467 1266 1551 primo
1293 1466 1590 1532 clamore
1612 1465 2009 1550 paventium
2034 1463 2293 1545 audito,
2323 1461 2485 1530 dein

280 1578 647 1656 conspecta
673 1569 917 1654 procul
946 1570 1213 1636 turbata
1240 1568 1410 1649 acie,
1456 1572 1479 1602 ‘
1507 1569 1621 1635 Ita
1649 1568 1804 1648 est:
1831 1567 2072 1654 iuquit,
2104 1571 2128 1602 ‘
2151 1587 2280 1632 non
2311 1567 2485 1632 cele-

278 1671 444 1752 rius,
468 1691 675 1758 quam
700 1673 919 1754 timui,
951 1672 1385 1758 deprehendit
1406 1681 1457 1726 ¹⁹
1482 1672 1750 1740 fortuna
1776 1672 2260 1738 temeritatem·
2349 1669 2485 1735 Fa-

278 1775 395 1839 bio
453 1777 765 1858 aequatus
822 1774 1105 1859 imperio
1157 1773 1620 1840 Hannibalem
1676 1781 1742 1841 et
1796 1774 2037 1840 virtute
2092 1781 2159 1840 et
2179 1753 2486 1839 ‘fortuna

280 1878 695 1964 supen‘orem
755 1878 962 1944 videt.
1071 1878 1209 1943 Sed
1268 1877 1453 1944 aliud
1507 1876 1832 1962 jurgandi
1900 1876 2480 1961 succensendique

280 1985 551 2067 tempus
580 1981 725 2046 erit.
813 1979 1019 2046 Nunc
1060 1980 1255 2063 signa
1304 1987 1500 2046 extra
1542 1981 1798 2046 vallum
1837 1978 2153 2064 proferte.
2238 1977 2480 2044 Victo-

278 2083 447 2148 riam
492 2083 667 2150 hosti
716 2089 1261 2167 extorqueamus,
1312 2083 1817 2150 confessionem
1867 2083 2109 2149 erroris
2167 2079 2481 2149 civibus?

277 2183 325 2248 J
326 2204 438 2251 am
460 2205 706 2269 magna
734 2205 826 2251 ex
855 2191 1043 2270 parte
1064 2187 1266 2253 caesis
1294 2186 1475 2266 aliis,
1504 2185 1663 2253 aliis
1683 2192 1741 2224 ²0
1764 2183 2482 2269 circumspectantibus

276 2287 525 2370 fugam,
556 2289 867 2356 Fabiana
914 2308 989 2355 se
1017 2289 1207 2354 acies
1252 2293 1547 2374 repente,
1592 2287 1776 2353 velut
1811 2286 1992 2354 coelo
2033 2285 2356 2376 demissa,
2392 2287 2483 2353 ad

276 2391 607 2457 auxilium
634 2390 948 2458 ostendit.
1032 2389 1302 2477 Itaque,
1332 2389 1517 2475 prius
1564 2409 1766 2475 quam
1815 2390 1901 2456 ad
1933 2388 2314 2475 conjectum
2357 2389 2482 2454 teli

277 2494 561 2573 veniret,
588 2499 705 2560 aut
730 2514 1003 2561 manum
1036 2499 1435 2573 consereret,
1467 2499 1535 2559 et
1564 2513 1727 2559 suos
1753 2514 1798 2559 a
1825 2493 1987 2576 fuga
2027 2491 2264 2572 effusa,
2296 2499 2368 2557 et
2395 2493 2482 2556 ab

276 2593 479 2663 nimis
506 2597 717 2665 feroci
745 2618 971 2683 pugna
988 2603 1011 2637 ¹
1063 2597 1295 2665 hostes
1343 2597 1698 2665 continuit.
1788 2595 1932 2677 Qui
1968 2594 2207 2662 solutis
2238 2593 2484 2661 ordini-

274 2700 411 2765 bus
436 2720 609 2785 vage
636 2700 953 2787 dissipati
982 2707 1198 2781 erant,
1228 2699 1525 2786 undique
1555 2700 1991 2785 confugerunt
2035 2697 2124 2764 ad
2163 2698 2484 2781 integram

278 2801 537 2887 aciem;
561 2806 683 2889 qui
706 2805 939 2891 plures
974 2804 1177 2870 simul
1202 2808 1389 2889 terga
1416 2803 1755 2881 dederant,
1778 2802 2088 2869 conversi
2118 2801 2186 2866 in
2211 2800 2482 2866 hostem

277 2904 746 2993 volventesque
775 2906 1047 2985 orbem,⁸
1067 2924 1241 2987 nunc
1271 2898 1517 2973 sensim
1548 2904 1790 2972 referre
1819 2903 2086 2990 pedem,
2117 2922 2290 2969 nunc
2320 2920 2482 2969 con·

336 3097 368 3123 ¹·
398 3088 861 3143 Imueideroetimn
890 3090 1107 3148 nauca
1126 3092 1378 3159 intercepit
1398 3108 1551 3159 caue,
1570 3100 1621 3145 et
1639 3091 1928 3153 inst-men
1947 3089 2158 3141 induit.

340 3355 409 3402 19
437 3352 457 3382 ‘
481 3350 697 3402 Mallem
729 3352 814 3403 vel
848 3354 1179 3418 negationem
1215 3354 1415 3419 delere,
1432 3356 1516 3408 vel
1551 3361 1694 3406 treus
1767 3352 1880 3405 sitis
1910 3351 2124 3403 vocibus
2145 3352 2356 3417 legere:
2389 3370 2484 3406 non

272 3416 1281 3485 eelerinstivnui0qmdeprehendit,&c.'
1317 3420 1513 3472 Stroth.
1578 3428 1595 3451 ‘
1620 3420 1695 3471 Ni
1736 3420 1772 3469 il
1803 3418 2130 3470 mutandum.
2194 3418 2378 3475 Recte,
2403 3421 2482 3469 in·

274 3482 391 3545 quit
428 3481 638 3548 Fabius,
652 3481 907 3546 judicavi,
927 3499 1022 3533 m
1053 3486 1267 3541 celerius,
1288 3501 1434 3565 quan
1464 3486 1736 3545 timueram,
1758 3484 1810 3534 Ιι.
1833 3499 1883 3536 e.
1905 3490 2011 3535 tam
2041 3482 2307 3546 celeriter,
2329 3498 2483 3544 quam

274 3548 571 3609 timueram,
588 3548 896 3611 deprehendit
911 3549 1119 3609 sorim
1138 3554 1473 3612 teneritatem,
1496 3550 1545 3601 h.
1566 3564 1615 3599 e.
1639 3549 1910 3600 temeritas
1972 3548 2288 3613 raeeipitavit
2306 3549 2482 3600 Minu-

273 3614 411 3663 cium
446 3610 503 3663 in
534 3610 907 3664 infortunium-⁹
934 3614 1307 3678 Butrium—2⁰
1340 3616 1496 3667 Prius
1520 3616 1633 3667 aliie
1666 3614 1820 3667 abest
1840 3630 1871 3665 a
1891 3629 1926 3680 p
1949 3614 2155 3681 erisque
2177 3614 2306 3665 Mse-
2327 3616 2480 3680 prob.

1271 3756 1489 3813 NOTAE

274 3858 389 3907 dm
441 3855 698 3920 maun]
772 3854 1012 3907 Sumitur
1064 3858 1343 3909 accedendi·
1418 3858 1597 3910 imbris
1621 3857 1820 3909 vitandi
1839 3872 1996 3909 cause
2016 3857 2346 3920 succederet,
2367 3858 2481 3908 nul-

272 3934 492 3986 verbum
524 3948 619 3999 pro
652 3933 850 3992 subire,
872 3948 939 3985 ex
964 3937 1079 3985 loco
1100 3932 1339 3985 inferiori
1418 3937 1525 3987 lum
1546 3936 1769 3987 babebat
1784 3934 1818 3983 ε’
1848 3935 1947 3985 nisi
1963 3932 2258 4000 legendum,
2279 3950 2370 3999 quo
2388 3934 2479 3985 im·

274 4012 531 4063 secedere
546 4027 565 4061 ε
598 4010 693 4061 sed
732 4012 896 4075 magi·
930 4026 1047 4063 cum
1071 4011 1229 4064 dandi
1256 4028 1342 4064 ca·
1417 4012 1518 4062 brie
1538 4012 1726 4063 ouandi
1746 4026 1888 4061 ωωιι
1905 4013 2185 4062 succederet.

273 4106 353 4145 su,
382 4096 443 4142 ut
474 4088 611 4154 apud
636 4089 900 4139 Caesarem
929 4089 1063 4140 libro
1098 4104 1165 4141 n.
1204 4091 1343 4142 Belli
1482 4094 1505 4123 ¹·
1535 4088 1694 4137 Recta
1706 4100 1872 4151 pugne
1888 4084 2034 4150 emt]
2065 4086 2122 4137 Si
2143 4086 2336 4151 ubsque
2357 4084 2481 4136 insi-

274 4166 488 4229 Geuici,
518 4168 536 4195 ‘
558 4165 821 4216 testudine
856 4162 1001 4215 facta
1034 4166 1199 4231 portis
1218 4180 1336 4218 sue·
1418 4162 1517 4213 diis
1567 4162 1720 4212 Poeni
1769 4168 2106 4227 pugnarent.
2155 4161 2382 4225 Gallice,
2419 4165 2480 4212 da

273 4242 470 4294 cedunt
487 4240 527 4292 ε’
559 4242 858 4293 accusativo
881 4251 1053 4293 nutem
1079 4258 1195 4295 raro
1209 4243 1334 4308 juu—
1416 4240 1766 4302 bonueguerre.

276 4317 417 4383 gitur
440 4332 457 4367 ε
492 4323 573 4368 eet
591 4325 763 4367 temen
787 4317 927 4382 apud
950 4318 1255 4369 Ciceronem
1280 4320 1332 4370 in
1476 4325 1495 4351 ⁸
1532 4314 1873 4380 Volcentem·
1906 4313 2089 4379 ονὶκηι]
2133 4314 2272 4369 Gan.
2295 4312 2483 4376 Elsm‘·

274 4396 426 4447 Oret.
438 4407 537 4459 pro
554 4390 708 4445 domo
718 4407 835 4443 sue:
862 4392 943 4444 ‘1⁸
962 4400 1179 4453 tectum,
1190 4394 1329 4461 quod
1410 4399 1523 4445 me
1558 4408 1623 4444 un
1644 4393 1903 4444 denti-tour
1919 4396 1950 4443 ὰ
1969 4392 2125 4443 (troile
2143 4408 2202 4445 αι
2225 4395 2256 4442 ἀ
2274 4393 2478 4458 ganeae,
