<?xml version="1.0" encoding="UTF-8"?>
<!DOCTYPE html PUBLIC "-//W3C//DTD XHTML 1.0 Transitional//EN"
    "http://www.w3.org/TR/xhtml1/DTD/xhtml1-transitional.dtd">
<html xmlns="http://www.w3.org/1999/xhtml" xml:lang="en" lang="en">
 <head>
  <title>
</title>
<meta http-equiv="Content-Type" content="text/html;charset=utf-8" />
  <meta name='ocr-system' content='tesseract 3.04.00' />
  <meta name='ocr-capabilities' content='ocr_page ocr_carea ocr_par ocr_line ocrx_word'/>
</head>
<body>
  <div class='ocr_page' id='page_1' title='image "./tliviipatavinih19unkngoog_0053.png"; bbox 0 0 3300 5225; ppageno 0'>
   <div class='ocr_carea' id='block_1_1' title="bbox 839 476 2105 548">
    <p class='ocr_par' dir='ltr' id='par_1_1' title="bbox 839 476 2105 548">
     <span class='ocr_line' id='line_1_1' title="bbox 839 476 2105 548; baseline -0.001 -2"><span class='ocrx_word' id='word_1_1' title='bbox 839 476 1016 548; x_wconf 75' lang='lat'>1626</span> <span class='ocrx_word' id='word_1_2' title='bbox 1792 495 1866 548; x_wconf 77' lang='lat' dir='ltr'>r.</span> <span class='ocrx_word' id='word_1_3' title='bbox 1913 495 2105 547; x_wconf 79' lang='lat' dir='ltr'>mvn</span> 
     </span>
    </p>
   </div>
   <div class='ocr_carea' id='block_1_2' title="bbox 833 637 3066 829">
    <p class='ocr_par' dir='ltr' id='par_1_2' title="bbox 833 637 3066 829">
     <span class='ocr_line' id='line_1_2' title="bbox 852 637 3066 724; baseline 0.004 -28"><span class='ocrx_word' id='word_1_4' title='bbox 852 637 1133 690; x_wconf 79' lang='lat' dir='ltr'>cie.ian·</span> <span class='ocrx_word' id='word_1_5' title='bbox 1160 639 1450 718; x_wconf 71' lang='lat' dir='ltr'>agrariam</span> <span class='ocrx_word' id='word_1_6' title='bbox 1491 638 1681 720; x_wconf 75' lang='lat' dir='ltr'>legem</span> <span class='ocrx_word' id='word_1_7' title='bbox 1722 641 1945 702; x_wconf 79' lang='lat' dir='ltr'>ferente</span> <span class='ocrx_word' id='word_1_8' title='bbox 1984 642 2221 703; x_wconf 80' lang='lat' dir='ltr'>tribuno</span> <span class='ocrx_word' id='word_1_9' title='bbox 2258 641 2451 724; x_wconf 89' lang='lat' dir='ltr'>plebis</span> <span class='ocrx_word' id='word_1_10' title='bbox 2490 640 2568 703; x_wconf 83' lang='lat' dir='ltr'>C.</span> <span class='ocrx_word' id='word_1_11' title='bbox 2606 637 2924 714; x_wconf 86' lang='lat' dir='ltr'>Flaminio,</span> <span class='ocrx_word' id='word_1_12' title='bbox 2954 651 2975 680; x_wconf 86' lang='lat'>‘</span> <span class='ocrx_word' id='word_1_13' title='bbox 2998 653 3066 706; x_wconf 86' lang='lat' dir='ltr'>ut</span> 
     </span>
     <span class='ocr_line' id='line_1_3' title="bbox 833 709 3063 829; baseline 0.024 -79"><span class='ocrx_word' id='word_1_14' title='bbox 833 709 1136 829; x_wconf 43' lang='lat' dir='ltr'>iaaloz-gt</span> <span class='ocrx_word' id='word_1_15' title='bbox 1160 735 1427 798; x_wconf 59' lang='lat' dir='ltr'>Picenus</span> <span class='ocrx_word' id='word_1_16' title='bbox 1469 745 1650 818; x_wconf 75' lang='lat' dir='ltr'>atque</span> <span class='ocrx_word' id='word_1_17' title='bbox 1704 737 1984 799; x_wconf 85' lang='lat' dir='ltr'>Gallicus</span> <span class='ocrx_word' id='word_1_18' title='bbox 2034 759 2198 818; x_wconf 76' lang='lat' dir='ltr'>ager,</span> <span class='ocrx_word' id='word_1_19' title='bbox 2238 741 2344 821; x_wconf 88' lang='lat' dir='ltr'>qui</span> <span class='ocrx_word' id='word_1_20' title='bbox 2396 737 2695 800; x_wconf 79' lang='lat' dir='ltr'><strong>Senonum</strong></span> <span class='ocrx_word' id='word_1_21' title='bbox 2740 737 3063 802; x_wconf 78' lang='lat' dir='ltr'>Gallorum</span> 
     </span>
    </p>
   </div>
   <div class='ocr_carea' id='block_1_3' title="bbox 837 831 3061 915">
    <p class='ocr_par' dir='ltr' id='par_1_3' title="bbox 837 831 3061 915">
     <span class='ocr_line' id='line_1_4' title="bbox 837 831 3061 915; baseline 0.009 -35"><span class='ocrx_word' id='word_1_22' title='bbox 837 849 914 883; x_wconf 73' lang='lat' dir='ltr'>xv.</span> <span class='ocrx_word' id='word_1_23' title='bbox 933 841 982 884; x_wconf 79' lang='lat'>5.</span> <span class='ocrx_word' id='word_1_24' title='bbox 1157 831 1371 907; x_wconf 80' lang='lat' dir='ltr'>fuerat,</span> <span class='ocrx_word' id='word_1_25' title='bbox 1397 834 1620 915; x_wconf 86' lang='lat' dir='ltr'>populo</span> <span class='ocrx_word' id='word_1_26' title='bbox 1651 835 1875 896; x_wconf 77' lang='lat' dir='ltr'>viritim</span> <span class='ocrx_word' id='word_1_27' title='bbox 1913 833 2320 896; x_wconf 61' lang='lat' dir='ltr'>divideretur?</span> <span class='ocrx_word' id='word_1_28' title='bbox 2402 835 2747 896; x_wconf 82' lang='lat' dir='ltr'>Resistebat</span> <span class='ocrx_word' id='word_1_29' title='bbox 2779 837 2923 898; x_wconf 85' lang='lat' dir='ltr'>hnic</span> <span class='ocrx_word' id='word_1_30' title='bbox 2958 857 3061 900; x_wconf 84' lang='lat' dir='ltr'>ac-</span> 
     </span>
    </p>
   </div>
   <div class='ocr_carea' id='block_1_4' title="bbox 833 899 3064 1016">
    <p class='ocr_par' dir='ltr' id='par_1_4' title="bbox 833 899 3064 1016">
     <span class='ocr_line' id='line_1_5' title="bbox 833 899 3064 1016; baseline 0.001 -26"><span class='ocrx_word' id='word_1_31' title='bbox 833 899 1133 1016; x_wconf 40' lang='lat' dir='ltr'>vyz&#39;ssiu‘</span> <span class='ocrx_word' id='word_1_32' title='bbox 1157 931 1304 991; x_wconf 89' lang='lat' dir='ltr'>tioni</span> <span class='ocrx_word' id='word_1_33' title='bbox 1327 940 1586 1003; x_wconf 86' lang='lat' dir='ltr'>senatus,</span> <span class='ocrx_word' id='word_1_34' title='bbox 1613 951 1805 1012; x_wconf 87' lang='lat' dir='ltr'>neque</span> <span class='ocrx_word' id='word_1_35' title='bbox 1824 931 2100 1012; x_wconf 86' lang='lat' dir='ltr'>precibus</span> <span class='ocrx_word' id='word_1_36' title='bbox 2123 930 2283 1013; x_wconf 88' lang='lat' dir='ltr'>apud</span> <span class='ocrx_word' id='word_1_37' title='bbox 2307 933 2633 1004; x_wconf 87' lang='lat' dir='ltr'>tribunum,</span> <span class='ocrx_word' id='word_1_38' title='bbox 2658 952 2853 1013; x_wconf 87' lang='lat' dir='ltr'>neque</span> <span class='ocrx_word' id='word_1_39' title='bbox 2886 934 3064 994; x_wconf 74' lang='lat' dir='ltr'>min&#39;n</span> 
     </span>
    </p>
   </div>
   <div class='ocr_carea' id='block_1_5' title="bbox 821 1027 3059 2658">
    <p class='ocr_par' dir='ltr' id='par_1_5' title="bbox 1156 1027 3059 1109">
     <span class='ocr_line' id='line_1_6' title="bbox 1156 1027 3059 1109; baseline 0.002 -21"><span class='ocrx_word' id='word_1_40' title='bbox 1156 1028 1475 1098; x_wconf 87' lang='lat' dir='ltr'>abstinens,</span> <span class='ocrx_word' id='word_1_41' title='bbox 1504 1035 1799 1109; x_wconf 86' lang='lat' dir='ltr'>postremo</span> <span class='ocrx_word' id='word_1_42' title='bbox 1836 1027 1981 1087; x_wconf 88' lang='lat' dir='ltr'>dato</span> <span class='ocrx_word' id='word_1_43' title='bbox 2022 1028 2458 1107; x_wconf 82' lang='lat' dir='ltr'>magistratibus</span> <span class='ocrx_word' id='word_1_44' title='bbox 2491 1029 2751 1108; x_wconf 80' lang='lat' dir='ltr'>negotio,</span> <span class='ocrx_word' id='word_1_45' title='bbox 2776 1037 2847 1090; x_wconf 90' lang='lat' dir='ltr'>ut</span> <span class='ocrx_word' id='word_1_46' title='bbox 2884 1049 3059 1091; x_wconf 72' lang='lat' dir='ltr'>exer-</span> 
     </span>
    </p>

    <p class='ocr_par' dir='ltr' id='par_1_6' title="bbox 1154 1124 3059 1210">
     <span class='ocr_line' id='line_1_7' title="bbox 1154 1124 3059 1210; baseline 0.002 -26"><span class='ocrx_word' id='word_1_47' title='bbox 1154 1125 1340 1184; x_wconf 86' lang='lat' dir='ltr'>citum</span> <span class='ocrx_word' id='word_1_48' title='bbox 1363 1125 1819 1197; x_wconf 86' lang='lat' dir='ltr'>conscriberent,</span> <span class='ocrx_word' id='word_1_49' title='bbox 1848 1145 1969 1204; x_wconf 91' lang='lat' dir='ltr'>quo</span> <span class='ocrx_word' id='word_1_50' title='bbox 1994 1124 2417 1206; x_wconf 76' lang='lat' dir='ltr'>rempublicam</span> <span class='ocrx_word' id='word_1_51' title='bbox 2445 1133 2814 1187; x_wconf 78' lang='lat' dir='ltr'>mtarentur:</span> <span class='ocrx_word' id='word_1_52' title='bbox 2860 1147 3059 1210; x_wconf 87' lang='lat' dir='ltr'>neque</span> 
     </span>
    </p>

    <p class='ocr_par' dir='ltr' id='par_1_7' title="bbox 1151 1219 3059 1400">
     <span class='ocr_line' id='line_1_8' title="bbox 1153 1219 3057 1303; baseline 0.002 -23"><span class='ocrx_word' id='word_1_53' title='bbox 1153 1219 1440 1282; x_wconf 84' lang='lat' dir='ltr'>dimoveri</span> <span class='ocrx_word' id='word_1_54' title='bbox 1479 1241 1519 1281; x_wconf 89' lang='lat' dir='ltr'>a</span> <span class='ocrx_word' id='word_1_55' title='bbox 1549 1224 1847 1282; x_wconf 87' lang='lat' dir='ltr'>sententia</span> <span class='ocrx_word' id='word_1_56' title='bbox 1883 1221 1957 1282; x_wconf 84' lang='lat' dir='ltr'>C.</span> <span class='ocrx_word' id='word_1_57' title='bbox 1989 1221 2321 1282; x_wconf 77' lang='lat' dir='ltr'>Flaminius</span> <span class='ocrx_word' id='word_1_58' title='bbox 2344 1222 2560 1303; x_wconf 89' lang='lat' dir='ltr'>potuit,</span> <span class='ocrx_word' id='word_1_59' title='bbox 2591 1220 2901 1283; x_wconf 79' lang='lat' dir='ltr'>adversum</span> <span class='ocrx_word' id='word_1_60' title='bbox 2933 1225 3057 1284; x_wconf 82' lang='lat' dir='ltr'>vim</span> 
     </span>
     <span class='ocr_line' id='line_1_9' title="bbox 1151 1317 3059 1400; baseline 0.002 -22"><span class='ocrx_word' id='word_1_61' title='bbox 1151 1327 1498 1389; x_wconf 76' lang='lat' dir='ltr'>contumax,</span> <span class='ocrx_word' id='word_1_62' title='bbox 1525 1327 1588 1378; x_wconf 89' lang='lat' dir='ltr'>et</span> <span class='ocrx_word' id='word_1_63' title='bbox 1611 1319 1885 1400; x_wconf 88' lang='lat' dir='ltr'>precibus</span> <span class='ocrx_word' id='word_1_64' title='bbox 1908 1317 2309 1378; x_wconf 83' lang='lat' dir='ltr'>inexorabilis.</span> <span class='ocrx_word' id='word_1_65' title='bbox 2380 1317 2701 1379; x_wconf 89' lang='lat' dir='ltr'>Monuerat</span> <span class='ocrx_word' id='word_1_66' title='bbox 2724 1339 2859 1379; x_wconf 89' lang='lat' dir='ltr'>eum</span> <span class='ocrx_word' id='word_1_67' title='bbox 2884 1329 3059 1400; x_wconf 79' lang='lat' dir='ltr'>pater</span> 
     </span>
    </p>

    <p class='ocr_par' dir='ltr' id='par_1_8' title="bbox 1152 1413 3057 1494">
     <span class='ocr_line' id='line_1_10' title="bbox 1152 1413 3057 1494; baseline 0.003 -22"><span class='ocrx_word' id='word_1_68' title='bbox 1152 1433 1389 1494; x_wconf 88' lang='lat' dir='ltr'>quoque</span> <span class='ocrx_word' id='word_1_69' title='bbox 1431 1423 1448 1450; x_wconf 90' lang='lat'>‘</span> <span class='ocrx_word' id='word_1_70' title='bbox 1481 1423 1549 1475; x_wconf 91' lang='lat' dir='ltr'>ut</span> <span class='ocrx_word' id='word_1_71' title='bbox 1593 1415 1887 1476; x_wconf 83' lang='lat' dir='ltr'>voluntati</span> <span class='ocrx_word' id='word_1_72' title='bbox 1932 1423 2167 1475; x_wconf 87' lang='lat' dir='ltr'>senatus</span> <span class='ocrx_word' id='word_1_73' title='bbox 2208 1413 2465 1486; x_wconf 88' lang='lat' dir='ltr'>cederet,</span> <span class='ocrx_word' id='word_1_74' title='bbox 2512 1435 2705 1494; x_wconf 86' lang='lat' dir='ltr'>neque</span> <span class='ocrx_word' id='word_1_75' title='bbox 2746 1415 3057 1478; x_wconf 76' lang='lat' dir='ltr'>seditionis</span> 
     </span>
    </p>

    <p class='ocr_par' dir='ltr' id='par_1_9' title="bbox 1153 1509 3053 1592">
     <span class='ocr_line' id='line_1_11' title="bbox 1153 1509 3053 1592; baseline 0.004 -24"><span class='ocrx_word' id='word_1_76' title='bbox 1153 1518 1358 1570; x_wconf 78' lang='lat' dir='ltr'>auctor</span> <span class='ocrx_word' id='word_1_77' title='bbox 1396 1509 1598 1571; x_wconf 87' lang='lat' dir='ltr'>audire</span> <span class='ocrx_word' id='word_1_78' title='bbox 1633 1510 1821 1572; x_wconf 82' lang='lat' dir='ltr'>vellet</span> <span class='ocrx_word' id='word_1_79' title='bbox 1838 1511 1876 1571; x_wconf 72' lang='grc' dir='ltr'>ε’</span> <span class='ocrx_word' id='word_1_80' title='bbox 1914 1510 2019 1572; x_wconf 89' lang='lat' dir='ltr'>sed</span> <span class='ocrx_word' id='word_1_81' title='bbox 2046 1510 2150 1570; x_wconf 87' lang='lat' dir='ltr'>ille</span> <span class='ocrx_word' id='word_1_82' title='bbox 2172 1511 2485 1592; x_wconf 88' lang='lat' dir='ltr'>persistens</span> <span class='ocrx_word' id='word_1_83' title='bbox 2509 1511 2571 1570; x_wconf 90' lang='lat' dir='ltr'>in</span> <span class='ocrx_word' id='word_1_84' title='bbox 2608 1512 2921 1586; x_wconf 86' lang='lat' dir='ltr'>sententia,</span> <span class='ocrx_word' id='word_1_85' title='bbox 2946 1533 3053 1575; x_wconf 80' lang='lat' dir='ltr'>vo-</span> 
     </span>
    </p>

    <p class='ocr_par' dir='ltr' id='par_1_10' title="bbox 825 1603 3055 1884">
     <span class='ocr_line' id='line_1_12' title="bbox 863 1603 3055 1691; baseline 0.003 -26"><span class='ocrx_word' id='word_1_86' title='bbox 863 1603 1028 1661; x_wconf 61' lang='lat' dir='ltr'>clade</span> <span class='ocrx_word' id='word_1_87' title='bbox 1042 1609 1127 1659; x_wconf 89' lang='lat' dir='ltr'>In-</span> <span class='ocrx_word' id='word_1_88' title='bbox 1151 1615 1289 1666; x_wconf 87' lang='lat' dir='ltr'>cata</span> <span class='ocrx_word' id='word_1_89' title='bbox 1323 1608 1628 1679; x_wconf 77' lang='lat' dir='ltr'>concione,</span> <span class='ocrx_word' id='word_1_90' title='bbox 1656 1609 1903 1670; x_wconf 85' lang='lat' dir='ltr'>recitare</span> <span class='ocrx_word' id='word_1_91' title='bbox 1938 1607 2127 1686; x_wconf 79' lang='lat' dir='ltr'>legem</span> <span class='ocrx_word' id='word_1_92' title='bbox 2162 1608 2432 1668; x_wconf 79' lang='lat' dir='ltr'>instituit.</span> <span class='ocrx_word' id='word_1_93' title='bbox 2512 1607 2669 1668; x_wconf 91' lang='lat' dir='ltr'>Tum</span> <span class='ocrx_word' id='word_1_94' title='bbox 2702 1627 2846 1670; x_wconf 80' lang='lat' dir='ltr'>vero</span> <span class='ocrx_word' id='word_1_95' title='bbox 2884 1620 3055 1691; x_wconf 80' lang='lat' dir='ltr'>pater</span> 
     </span>
     <span class='ocr_line' id='line_1_13' title="bbox 825 1681 3051 1787; baseline 0.003 -25"><span class='ocrx_word' id='word_1_96' title='bbox 825 1684 957 1725; x_wconf 50' lang='lat'>&#39;⁶¹²²</span> <span class='ocrx_word' id='word_1_97' title='bbox 972 1692 1034 1726; x_wconf 88' lang='lat'>¹¹·</span> <span class='ocrx_word' id='word_1_98' title='bbox 1051 1681 1126 1730; x_wconf 79' lang='lat'>¹⁷·</span> <span class='ocrx_word' id='word_1_99' title='bbox 1155 1702 1479 1765; x_wconf 79' lang='lat' dir='ltr'>Flaminius</span> <span class='ocrx_word' id='word_1_100' title='bbox 1517 1703 1721 1766; x_wconf 89' lang='lat' dir='ltr'>dolore</span> <span class='ocrx_word' id='word_1_101' title='bbox 1758 1705 1971 1766; x_wconf 84' lang='lat' dir='ltr'>ardens</span> <span class='ocrx_word' id='word_1_102' title='bbox 2004 1705 2252 1766; x_wconf 79' lang='lat' dir='ltr'>accessit</span> <span class='ocrx_word' id='word_1_103' title='bbox 2290 1703 2369 1764; x_wconf 86' lang='lat' dir='ltr'>ad</span> <span class='ocrx_word' id='word_1_104' title='bbox 2410 1703 2654 1777; x_wconf 84' lang='lat' dir='ltr'>Rostra,</span> <span class='ocrx_word' id='word_1_105' title='bbox 2690 1715 3051 1787; x_wconf 85' lang='lat' dir='ltr'>correptum-</span> 
     </span>
     <span class='ocr_line' id='line_1_14' title="bbox 1151 1801 3051 1884; baseline 0.002 -24"><span class='ocrx_word' id='word_1_106' title='bbox 1151 1820 1267 1881; x_wconf 88' lang='lat' dir='ltr'>que</span> <span class='ocrx_word' id='word_1_107' title='bbox 1307 1821 1486 1862; x_wconf 89' lang='lat' dir='ltr'>manu</span> <span class='ocrx_word' id='word_1_108' title='bbox 1529 1801 1721 1863; x_wconf 87' lang='lat' dir='ltr'>filium</span> <span class='ocrx_word' id='word_1_109' title='bbox 1747 1801 2039 1863; x_wconf 78' lang='lat' dir='ltr'>detraxit:</span> <span class='ocrx_word' id='word_1_110' title='bbox 2080 1801 2412 1882; x_wconf 88' lang='lat' dir='ltr'>mirumque</span> <span class='ocrx_word' id='word_1_111' title='bbox 2446 1810 2537 1862; x_wconf 87' lang='lat' dir='ltr'>est</span> <span class='ocrx_word' id='word_1_112' title='bbox 2560 1802 2899 1884; x_wconf 84' lang='lat' dir='ltr'>exemplum</span> <span class='ocrx_word' id='word_1_113' title='bbox 2924 1803 3051 1864; x_wconf 87' lang='lat' dir='ltr'>edi-</span> 
     </span>
    </p>

    <p class='ocr_par' dir='ltr' id='par_1_11' title="bbox 1149 1899 3053 1981">
     <span class='ocr_line' id='line_1_15' title="bbox 1149 1899 3053 1981; baseline 0.003 -24"><span class='ocrx_word' id='word_1_114' title='bbox 1149 1905 1276 1957; x_wconf 88' lang='lat' dir='ltr'>tum</span> <span class='ocrx_word' id='word_1_115' title='bbox 1304 1899 1428 1959; x_wconf 85' lang='lat' dir='ltr'>sive</span> <span class='ocrx_word' id='word_1_116' title='bbox 1459 1900 1715 1980; x_wconf 87' lang='lat' dir='ltr'>pietatis,</span> <span class='ocrx_word' id='word_1_117' title='bbox 1754 1900 1877 1961; x_wconf 82' lang='lat' dir='ltr'>sive</span> <span class='ocrx_word' id='word_1_118' title='bbox 1902 1899 2313 1971; x_wconf 84' lang='lat' dir='ltr'>venerationis,</span> <span class='ocrx_word' id='word_1_119' title='bbox 2343 1918 2465 1979; x_wconf 85' lang='lat' dir='ltr'>qua</span> <span class='ocrx_word' id='word_1_120' title='bbox 2488 1909 2613 1962; x_wconf 90' lang='lat' dir='ltr'>tum</span> <span class='ocrx_word' id='word_1_121' title='bbox 2648 1900 2919 1962; x_wconf 86' lang='lat' dir='ltr'>homines</span> <span class='ocrx_word' id='word_1_122' title='bbox 2946 1902 3053 1981; x_wconf 86' lang='lat' dir='ltr'>jus</span> 
     </span>
    </p>

    <p class='ocr_par' dir='ltr' id='par_1_12' title="bbox 1149 1994 3055 2174">
     <span class='ocr_line' id='line_1_16' title="bbox 1151 1994 3055 2078; baseline 0.002 -23"><span class='ocrx_word' id='word_1_123' title='bbox 1151 1996 1354 2075; x_wconf 69' lang='lat' dir='ltr'>patriae</span> <span class='ocrx_word' id='word_1_124' title='bbox 1372 1998 1677 2076; x_wconf 55' lang='lat' dir='ltr'>potestatis</span> <span class='ocrx_word' id='word_1_125' title='bbox 1690 1997 2216 2078; x_wconf 73' lang='lat' dir='ltr'>prosequebantur:</span> <span class='ocrx_word' id='word_1_126' title='bbox 2244 1994 2347 2077; x_wconf 92' lang='lat' dir='ltr'>qui</span> <span class='ocrx_word' id='word_1_127' title='bbox 2364 1997 2522 2056; x_wconf 89' lang='lat' dir='ltr'>enim</span> <span class='ocrx_word' id='word_1_128' title='bbox 2538 1996 2795 2057; x_wconf 83' lang='lat' dir='ltr'>universi</span> <span class='ocrx_word' id='word_1_129' title='bbox 2813 2007 3055 2060; x_wconf 90' lang='lat' dir='ltr'>senatus</span> 
     </span>
     <span class='ocr_line' id='line_1_17' title="bbox 1149 2090 3051 2174; baseline 0.004 -25"><span class='ocrx_word' id='word_1_130' title='bbox 1149 2090 1609 2171; x_wconf 75' lang='lat' dir='ltr'>indignationem</span> <span class='ocrx_word' id='word_1_131' title='bbox 1641 2095 1945 2174; x_wconf 84' lang='lat' dir='ltr'>minasque</span> <span class='ocrx_word' id='word_1_132' title='bbox 1981 2101 2209 2154; x_wconf 78' lang='lat' dir='ltr'>atroces</span> <span class='ocrx_word' id='word_1_133' title='bbox 2244 2100 2655 2164; x_wconf 86' lang='lat' dir='ltr'>contemserat‚</span> <span class='ocrx_word' id='word_1_134' title='bbox 2692 2095 2753 2153; x_wconf 91' lang='lat' dir='ltr'>in</span> <span class='ocrx_word' id='word_1_135' title='bbox 2788 2095 3051 2157; x_wconf 84' lang='lat' dir='ltr'>maximo</span> 
     </span>
    </p>

    <p class='ocr_par' dir='ltr' id='par_1_13' title="bbox 1147 2187 3049 2272">
     <span class='ocr_line' id='line_1_18' title="bbox 1147 2187 3049 2272; baseline 0.002 -24"><span class='ocrx_word' id='word_1_136' title='bbox 1147 2187 1345 2248; x_wconf 89' lang='lat' dir='ltr'>calore</span> <span class='ocrx_word' id='word_1_137' title='bbox 1372 2188 1713 2271; x_wconf 85' lang='lat' dir='ltr'>perficiendi</span> <span class='ocrx_word' id='word_1_138' title='bbox 1734 2190 1949 2272; x_wconf 88' lang='lat' dir='ltr'>operis,</span> <span class='ocrx_word' id='word_1_139' title='bbox 1972 2191 2337 2271; x_wconf 76' lang='lat' dir='ltr'>inspectante</span> <span class='ocrx_word' id='word_1_140' title='bbox 2362 2189 2537 2271; x_wconf 88' lang='lat' dir='ltr'>plebe</span> <span class='ocrx_word' id='word_1_141' title='bbox 2558 2188 2862 2262; x_wconf 84' lang='lat' dir='ltr'>Romana,</span> <span class='ocrx_word' id='word_1_142' title='bbox 2886 2191 3049 2272; x_wconf 86' lang='lat' dir='ltr'>apud</span> 
     </span>
    </p>

    <p class='ocr_par' dir='ltr' id='par_1_14' title="bbox 1147 2285 3053 2365">
     <span class='ocr_line' id='line_1_19' title="bbox 1147 2285 3053 2365; baseline 0.003 -21"><span class='ocrx_word' id='word_1_143' title='bbox 1147 2303 1329 2363; x_wconf 89' lang='lat' dir='ltr'>quam</span> <span class='ocrx_word' id='word_1_144' title='bbox 1363 2287 1781 2365; x_wconf 82' lang='lat' dir='ltr'>gratiosissima</span> <span class='ocrx_word' id='word_1_145' title='bbox 1812 2295 1943 2347; x_wconf 87' lang='lat' dir='ltr'>erat</span> <span class='ocrx_word' id='word_1_146' title='bbox 1966 2285 2224 2347; x_wconf 84' lang='lat' dir='ltr'>ferendae</span> <span class='ocrx_word' id='word_1_147' title='bbox 2250 2285 2397 2364; x_wconf 81' lang='lat' dir='ltr'>legis</span> <span class='ocrx_word' id='word_1_148' title='bbox 2422 2287 2667 2358; x_wconf 89' lang='lat' dir='ltr'>mentio,</span> <span class='ocrx_word' id='word_1_149' title='bbox 2694 2287 2871 2346; x_wconf 87' lang='lat' dir='ltr'>unius</span> <span class='ocrx_word' id='word_1_150' title='bbox 2892 2291 3053 2350; x_wconf 87' lang='lat' dir='ltr'>senis</span> 
     </span>
    </p>

    <p class='ocr_par' dir='ltr' id='par_1_15' title="bbox 821 2380 3047 2658">
     <span class='ocr_line' id='line_1_20' title="bbox 821 2380 3047 2464; baseline 0.001 -20"><span class='ocrx_word' id='word_1_151' title='bbox 821 2395 933 2444; x_wconf 73' lang='lat' dir='ltr'>val.</span> <span class='ocrx_word' id='word_1_152' title='bbox 959 2394 1093 2444; x_wconf 76' lang='lat' dir='ltr'>Max.</span> <span class='ocrx_word' id='word_1_153' title='bbox 1149 2401 1326 2443; x_wconf 88' lang='lat' dir='ltr'>manu</span> <span class='ocrx_word' id='word_1_154' title='bbox 1367 2383 1444 2442; x_wconf 90' lang='lat' dir='ltr'>de</span> <span class='ocrx_word' id='word_1_155' title='bbox 1481 2385 1780 2464; x_wconf 86' lang='lat' dir='ltr'>superiore</span> <span class='ocrx_word' id='word_1_156' title='bbox 1822 2385 1957 2446; x_wconf 92' lang='lat' dir='ltr'>loco</span> <span class='ocrx_word' id='word_1_157' title='bbox 1988 2383 2219 2443; x_wconf 85' lang='lat' dir='ltr'>detrahi</span> <span class='ocrx_word' id='word_1_158' title='bbox 2254 2401 2463 2462; x_wconf 85' lang='lat' dir='ltr'>passus</span> <span class='ocrx_word' id='word_1_159' title='bbox 2496 2391 2603 2442; x_wconf 86' lang='lat' dir='ltr'>est.</span> <span class='ocrx_word' id='word_1_160' title='bbox 2688 2380 2758 2442; x_wconf 89' lang='lat' dir='ltr'>N</span> <span class='ocrx_word' id='word_1_161' title='bbox 2758 2403 2831 2444; x_wconf 89' lang='lat' dir='ltr'>ec</span> <span class='ocrx_word' id='word_1_162' title='bbox 2868 2386 3047 2446; x_wconf 87' lang='lat' dir='ltr'>omit-</span> 
     </span>
     <span class='ocr_line' id='line_1_21' title="bbox 861 2477 3047 2575; baseline 0.002 -38"><span class='ocrx_word' id='word_1_163' title='bbox 861 2523 950 2575; x_wconf 79' lang='lat' dir='ltr'>Cic</span> <span class='ocrx_word' id='word_1_164' title='bbox 1005 2525 1122 2574; x_wconf 69' lang='lat' dir='ltr'>cita·</span> <span class='ocrx_word' id='word_1_165' title='bbox 1147 2478 1328 2538; x_wconf 83' lang='lat' dir='ltr'>tenda</span> <span class='ocrx_word' id='word_1_166' title='bbox 1357 2479 1663 2540; x_wconf 86' lang='lat' dir='ltr'>concionis</span> <span class='ocrx_word' id='word_1_167' title='bbox 1695 2481 1757 2540; x_wconf 89' lang='lat' dir='ltr'>in</span> <span class='ocrx_word' id='word_1_168' title='bbox 1783 2480 1896 2541; x_wconf 90' lang='lat' dir='ltr'>hoc</span> <span class='ocrx_word' id='word_1_169' title='bbox 1920 2479 2157 2558; x_wconf 84' lang='lat' dir='ltr'>negotio</span> <span class='ocrx_word' id='word_1_170' title='bbox 2182 2477 2503 2539; x_wconf 85' lang='lat' dir='ltr'>modestia:</span> <span class='ocrx_word' id='word_1_171' title='bbox 2546 2498 2681 2559; x_wconf 68' lang='lat' dir='ltr'>quae</span> <span class='ocrx_word' id='word_1_172' title='bbox 2708 2479 2853 2540; x_wconf 86' lang='lat' dir='ltr'>licet</span> <span class='ocrx_word' id='word_1_173' title='bbox 2876 2481 3047 2542; x_wconf 79' lang='lat' dir='ltr'>abitu</span> 
     </span>
     <span class='ocr_line' id='line_1_22' title="bbox 822 2562 3044 2658; baseline 0 -19"><span class='ocrx_word' id='word_1_174' title='bbox 822 2601 900 2640; x_wconf 73' lang='lat' dir='ltr'>tus</span> <span class='ocrx_word' id='word_1_175' title='bbox 927 2562 1009 2654; x_wconf 71' lang='grc' dir='ltr'>ε’ρ.</span> <span class='ocrx_word' id='word_1_176' title='bbox 1037 2590 1120 2639; x_wconf 83' lang='lat' dir='ltr'>so.</span> <span class='ocrx_word' id='word_1_177' title='bbox 1144 2574 1366 2637; x_wconf 88' lang='lat' dir='ltr'>tribuni</span> <span class='ocrx_word' id='word_1_178' title='bbox 1399 2595 1534 2658; x_wconf 85' lang='lat' dir='ltr'>spes</span> <span class='ocrx_word' id='word_1_179' title='bbox 1555 2596 1692 2637; x_wconf 86' lang='lat' dir='ltr'>suas</span> <span class='ocrx_word' id='word_1_180' title='bbox 1712 2575 1935 2638; x_wconf 57' lang='lat' dir='ltr'>destrui</span> <span class='ocrx_word' id='word_1_181' title='bbox 1959 2575 2212 2648; x_wconf 80' lang='lat' dir='ltr'>videret,</span> <span class='ocrx_word' id='word_1_182' title='bbox 2238 2595 2313 2636; x_wconf 87' lang='lat' dir='ltr'>ne</span> <span class='ocrx_word' id='word_1_183' title='bbox 2347 2575 2593 2637; x_wconf 89' lang='lat' dir='ltr'>minimo</span> <span class='ocrx_word' id='word_1_184' title='bbox 2616 2574 2861 2658; x_wconf 88' lang='lat' dir='ltr'>quidem</span> <span class='ocrx_word' id='word_1_185' title='bbox 2886 2597 3044 2640; x_wconf 88' lang='lat' dir='ltr'>mur-</span> 
     </span>
    </p>
   </div>
   <div class='ocr_carea' id='block_1_6' title="bbox 819 2655 3049 2771">
    <p class='ocr_par' dir='ltr' id='par_1_16' title="bbox 819 2655 3049 2771">
     <span class='ocr_line' id='line_1_23' title="bbox 819 2655 3049 2771; baseline 0.004 -43"><span class='ocrx_word' id='word_1_186' title='bbox 819 2655 1310 2771; x_wconf 46' lang='lat' dir='ltr'>:ifalnxfihds‘muoe</span> <span class='ocrx_word' id='word_1_187' title='bbox 1349 2672 1572 2734; x_wconf 74' lang='lat' dir='ltr'>factum</span> <span class='ocrx_word' id='word_1_188' title='bbox 1615 2673 1781 2734; x_wconf 84' lang='lat' dir='ltr'>illius</span> <span class='ocrx_word' id='word_1_189' title='bbox 1804 2674 2180 2755; x_wconf 78' lang='lat' dir='ltr'>improbavit.</span> <span class='ocrx_word' id='word_1_190' title='bbox 2265 2670 2479 2733; x_wconf 86' lang='lat' dir='ltr'>Dilata</span> <span class='ocrx_word' id='word_1_191' title='bbox 2502 2681 2699 2733; x_wconf 88' lang='lat' dir='ltr'>tamen</span> <span class='ocrx_word' id='word_1_192' title='bbox 2727 2673 2841 2735; x_wconf 87' lang='lat' dir='ltr'>hoc</span> <span class='ocrx_word' id='word_1_193' title='bbox 2866 2675 3049 2737; x_wconf 84' lang='lat' dir='ltr'>modo</span> 
     </span>
    </p>
   </div>
   <div class='ocr_carea' id='block_1_7' title="bbox 821 2766 3049 2851">
    <p class='ocr_par' dir='ltr' id='par_1_17' title="bbox 821 2766 3049 2851">
     <span class='ocr_line' id='line_1_24' title="bbox 821 2766 3049 2851; baseline -0.001 -16"><span class='ocrx_word' id='word_1_194' title='bbox 821 2784 1029 2835; x_wconf 74' lang='lat' dir='ltr'>Adverb.</span> <span class='ocrx_word' id='word_1_195' title='bbox 1070 2800 1124 2851; x_wconf 83' lang='lat' dir='ltr'>p.</span> <span class='ocrx_word' id='word_1_196' title='bbox 1150 2771 1344 2849; x_wconf 82' lang='lat' dir='ltr'>potius</span> <span class='ocrx_word' id='word_1_197' title='bbox 1386 2790 1567 2850; x_wconf 89' lang='lat' dir='ltr'>quam</span> <span class='ocrx_word' id='word_1_198' title='bbox 1611 2772 1837 2831; x_wconf 84' lang='lat' dir='ltr'>evitata</span> <span class='ocrx_word' id='word_1_199' title='bbox 1876 2770 1977 2830; x_wconf 88' lang='lat' dir='ltr'>lex</span> <span class='ocrx_word' id='word_1_200' title='bbox 2020 2778 2131 2841; x_wconf 82' lang='lat' dir='ltr'>est,</span> <span class='ocrx_word' id='word_1_201' title='bbox 2161 2768 2236 2830; x_wconf 84' lang='lat' dir='ltr'>C.</span> <span class='ocrx_word' id='word_1_202' title='bbox 2266 2766 2539 2829; x_wconf 78' lang='lat' dir='ltr'>Carvilio</span> <span class='ocrx_word' id='word_1_203' title='bbox 2578 2770 2816 2830; x_wconf 87' lang='lat' dir='ltr'>tribuno</span> <span class='ocrx_word' id='word_1_204' title='bbox 2851 2770 3049 2851; x_wconf 86' lang='lat' dir='ltr'>plebis</span> 
     </span>
    </p>
   </div>
   <div class='ocr_carea' id='block_1_8' title="bbox 821 2854 3044 2979">
    <p class='ocr_par' dir='ltr' id='par_1_18' title="bbox 821 2854 3044 2979">
     <span class='ocr_line' id='line_1_25' title="bbox 821 2854 3044 2979; baseline 0.005 -62"><span class='ocrx_word' id='word_1_205' title='bbox 821 2854 1032 2979; x_wconf 41' lang='lat' dir='ltr'>13⁸0]st-</span> <span class='ocrx_word' id='word_1_206' title='bbox 1059 2930 1123 2965; x_wconf 49' lang='lat' dir='ltr'>n.</span> <span class='ocrx_word' id='word_1_207' title='bbox 1145 2866 1438 2945; x_wconf 82' lang='lat' dir='ltr'>collegam</span> <span class='ocrx_word' id='word_1_208' title='bbox 1479 2866 1801 2946; x_wconf 80' lang='lat' dir='ltr'>adjuvante</span> <span class='ocrx_word' id='word_1_209' title='bbox 1822 2887 1836 2926; x_wconf 91' lang='lat'>:</span> <span class='ocrx_word' id='word_1_210' title='bbox 1854 2864 1882 2903; x_wconf 70' lang='lat'><em>⁶</em></span> <span class='ocrx_word' id='word_1_211' title='bbox 1918 2864 2080 2947; x_wconf 91' lang='lat' dir='ltr'>quod</span> <span class='ocrx_word' id='word_1_212' title='bbox 2120 2864 2361 2946; x_wconf 86' lang='lat' dir='ltr'>quidem</span> <span class='ocrx_word' id='word_1_213' title='bbox 2407 2866 2641 2925; x_wconf 84' lang='lat' dir='ltr'>initium</span> <span class='ocrx_word' id='word_1_214' title='bbox 2668 2866 2805 2939; x_wconf 84' lang='lat' dir='ltr'>fuit,</span> <span class='ocrx_word' id='word_1_215' title='bbox 2825 2876 2890 2927; x_wconf 90' lang='lat' dir='ltr'>et</span> <span class='ocrx_word' id='word_1_216' title='bbox 2912 2886 3044 2929; x_wconf 88' lang='lat' dir='ltr'>cor·</span> 
     </span>
    </p>
   </div>
   <div class='ocr_carea' id='block_1_9' title="bbox 822 2960 3045 3045">
    <p class='ocr_par' dir='ltr' id='par_1_19' title="bbox 822 2960 3045 3045">
     <span class='ocr_line' id='line_1_26' title="bbox 822 2960 3045 3045; baseline -0.01 -10"><span class='ocrx_word' id='word_1_217' title='bbox 822 2986 905 3035; x_wconf 76' lang='lat'>21.</span> <span class='ocrx_word' id='word_1_218' title='bbox 1145 2962 1486 3043; x_wconf 82' lang='lat' dir='ltr'>rumpendae</span> <span class='ocrx_word' id='word_1_219' title='bbox 1509 2963 1725 3044; x_wconf 85' lang='lat' dir='ltr'>plebis,</span> <span class='ocrx_word' id='word_1_220' title='bbox 1750 2972 1812 3023; x_wconf 85' lang='lat' dir='ltr'>et</span> <span class='ocrx_word' id='word_1_221' title='bbox 1838 2961 2069 3024; x_wconf 85' lang='lat' dir='ltr'>Gallici</span> <span class='ocrx_word' id='word_1_222' title='bbox 2098 2960 2270 3032; x_wconf 87' lang='lat' dir='ltr'>belli,</span> <span class='ocrx_word' id='word_1_223' title='bbox 2296 2960 2457 3043; x_wconf 88' lang='lat' dir='ltr'>quod</span> <span class='ocrx_word' id='word_1_224' title='bbox 2480 2970 2695 3025; x_wconf 84' lang='lat' dir='ltr'>octavo</span> <span class='ocrx_word' id='word_1_225' title='bbox 2728 2972 2864 3045; x_wconf 72' lang='lat' dir='ltr'>post</span> <span class='ocrx_word' id='word_1_226' title='bbox 2883 2962 3045 3025; x_wconf 79' lang='lat' dir='ltr'>divi-</span> 
     </span>
    </p>
   </div>
   <div class='ocr_carea' id='block_1_10' title="bbox 820 3047 2817 3164">
    <p class='ocr_par' dir='ltr' id='par_1_20' title="bbox 820 3047 2817 3164">
     <span class='ocr_line' id='line_1_27' title="bbox 820 3047 2817 3164; baseline 0.004 -51"><span class='ocrx_word' id='word_1_227' title='bbox 820 3047 1027 3164; x_wconf 52' lang='grc' dir='ltr'>’ζα-ΥΒ·</span> <span class='ocrx_word' id='word_1_228' title='bbox 1051 3064 1114 3099; x_wconf 82' lang='lat'>¹¹·</span> <span class='ocrx_word' id='word_1_229' title='bbox 1141 3058 1366 3119; x_wconf 87' lang='lat' dir='ltr'>sionem</span> <span class='ocrx_word' id='word_1_230' title='bbox 1389 3060 1516 3138; x_wconf 80' lang='lat' dir='ltr'>agri</span> <span class='ocrx_word' id='word_1_231' title='bbox 1543 3058 1775 3121; x_wconf 82' lang='lat' dir='ltr'>Gallici</span> <span class='ocrx_word' id='word_1_232' title='bbox 1802 3079 1959 3119; x_wconf 88' lang='lat' dir='ltr'>anno</span> <span class='ocrx_word' id='word_1_233' title='bbox 1980 3058 2386 3138; x_wconf 77' lang='lat' dir='ltr'>gravissimum</span> <span class='ocrx_word' id='word_1_234' title='bbox 2410 3066 2681 3119; x_wconf 86' lang='lat' dir='ltr'>exortum</span> <span class='ocrx_word' id='word_1_235' title='bbox 2707 3068 2817 3121; x_wconf 86' lang='lat' dir='ltr'>est.</span> 
     </span>
    </p>
   </div>
   <div class='ocr_carea' id='block_1_11' title="bbox 820 3148 3044 3247">
    <p class='ocr_par' dir='ltr' id='par_1_21' title="bbox 820 3148 3044 3247">
     <span class='ocr_line' id='line_1_28' title="bbox 820 3148 3044 3247; baseline 0 -30"><span class='ocrx_word' id='word_1_236' title='bbox 820 3148 987 3247; x_wconf 44' lang='lat' dir='ltr'>²91²·ss</span> <span class='ocrx_word' id='word_1_237' title='bbox 1221 3160 1322 3215; x_wconf 79' lang='lat'>20.</span> <span class='ocrx_word' id='word_1_238' title='bbox 1361 3153 1518 3215; x_wconf 90' lang='lat' dir='ltr'>Tum</span> <span class='ocrx_word' id='word_1_239' title='bbox 1556 3176 1701 3218; x_wconf 76' lang='lat' dir='ltr'>vero</span> <span class='ocrx_word' id='word_1_240' title='bbox 1737 3155 1830 3216; x_wconf 88' lang='lat' dir='ltr'>M.</span> <span class='ocrx_word' id='word_1_241' title='bbox 1867 3154 2241 3236; x_wconf 85' lang='lat' dir='ltr'>Pomponius</span> <span class='ocrx_word' id='word_1_242' title='bbox 2283 3152 2396 3215; x_wconf 83' lang='lat' dir='ltr'>M’.</span> <span class='ocrx_word' id='word_1_243' title='bbox 2426 3153 2499 3215; x_wconf 71' lang='lat'>1³.</span> <span class='ocrx_word' id='word_1_244' title='bbox 2530 3154 2643 3216; x_wconf 81' lang='grc' dir='ltr'>Μ’.</span> <span class='ocrx_word' id='word_1_245' title='bbox 2673 3154 2764 3216; x_wconf 83' lang='lat' dir='ltr'>N.</span> <span class='ocrx_word' id='word_1_246' title='bbox 2800 3156 3044 3233; x_wconf 80' lang='lat' dir='ltr'>Matho,</span> 
     </span>
    </p>
   </div>
   <div class='ocr_carea' id='block_1_12' title="bbox 1139 3346 3045 4462">
    <p class='ocr_par' dir='ltr' id='par_1_22' title="bbox 1139 3346 3045 4381">
     <span class='ocr_line' id='line_1_29' title="bbox 1205 3346 3045 3413; baseline 0.001 -14"><span class='ocrx_word' id='word_1_247' title='bbox 1205 3346 1234 3383; x_wconf 63' lang='grc' dir='ltr'><em>δ</em></span> <span class='ocrx_word' id='word_1_248' title='bbox 1269 3350 1329 3399; x_wconf 86' lang='lat' dir='ltr'>C.</span> <span class='ocrx_word' id='word_1_249' title='bbox 1355 3348 1566 3399; x_wconf 77' lang='lat' dir='ltr'>Caruilio</span> <span class='ocrx_word' id='word_1_250' title='bbox 1589 3351 1777 3401; x_wconf 63' lang='grc' dir='ltr'>ιη’ὸυπο</span> <span class='ocrx_word' id='word_1_251' title='bbox 1795 3348 1945 3413; x_wconf 75' lang='lat' dir='ltr'>plebis</span> <span class='ocrx_word' id='word_1_252' title='bbox 1959 3351 2051 3399; x_wconf 79' lang='lat' dir='ltr'>col·</span> <span class='ocrx_word' id='word_1_253' title='bbox 2124 3362 2367 3413; x_wconf 82' lang='lat' dir='ltr'>unquam.</span> <span class='ocrx_word' id='word_1_254' title='bbox 2389 3362 2487 3398; x_wconf 85' lang='lat' dir='ltr'>nee</span> <span class='ocrx_word' id='word_1_255' title='bbox 2506 3362 2625 3399; x_wconf 86' lang='lat' dir='ltr'>esse</span> <span class='ocrx_word' id='word_1_256' title='bbox 2647 3349 2819 3413; x_wconf 78' lang='lat' dir='ltr'>potuit</span> <span class='ocrx_word' id='word_1_257' title='bbox 2836 3366 2853 3401; x_wconf 69' lang='lat' dir='ltr'>a</span> <span class='ocrx_word' id='word_1_258' title='bbox 2885 3352 3045 3413; x_wconf 71' lang='lat' dir='ltr'>qnod</span> 
     </span>
     <span class='ocr_line' id='line_1_30' title="bbox 1141 3413 3043 3479; baseline 0.001 -16"><span class='ocrx_word' id='word_1_259' title='bbox 1141 3414 1296 3477; x_wconf 72' lang='lat' dir='ltr'>legam</span> <span class='ocrx_word' id='word_1_260' title='bbox 1349 3414 1627 3477; x_wconf 58' lang='lat' dir='ltr'>adiuvante]</span> <span class='ocrx_word' id='word_1_261' title='bbox 1683 3415 1802 3465; x_wconf 86' lang='lat' dir='ltr'>Hoc</span> <span class='ocrx_word' id='word_1_262' title='bbox 1872 3416 2055 3464; x_wconf 86' lang='lat' dir='ltr'>nititur</span> <span class='ocrx_word' id='word_1_263' title='bbox 2118 3415 2273 3479; x_wconf 71' lang='lat' dir='ltr'>potuit</span> <span class='ocrx_word' id='word_1_264' title='bbox 2316 3413 2499 3465; x_wconf 71' lang='lat' dir='ltr'>Fabius</span> <span class='ocrx_word' id='word_1_265' title='bbox 2536 3414 2787 3465; x_wconf 57' lang='lat' dir='ltr'>Maxumas</span> <span class='ocrx_word' id='word_1_266' title='bbox 2822 3414 3043 3465; x_wconf 67' lang='lat' dir='ltr'>restitit.-</span> 
     </span>
     <span class='ocr_line' id='line_1_31' title="bbox 1143 3479 3044 3544; baseline 0.003 -17"><span class='ocrx_word' id='word_1_267' title='bbox 1143 3482 1252 3529; x_wconf 88' lang='lat' dir='ltr'>sola</span> <span class='ocrx_word' id='word_1_268' title='bbox 1291 3480 1392 3528; x_wconf 82' lang='lat' dir='ltr'>fide</span> <span class='ocrx_word' id='word_1_269' title='bbox 1431 3479 1650 3530; x_wconf 78' lang='lat' dir='ltr'>Charisii</span> <span class='ocrx_word' id='word_1_270' title='bbox 1690 3480 2054 3541; x_wconf 84' lang='lat' dir='ltr'>Grammatici,</span> <span class='ocrx_word' id='word_1_271' title='bbox 2126 3481 2261 3529; x_wconf 86' lang='lat' dir='ltr'>unde</span> <span class='ocrx_word' id='word_1_272' title='bbox 2286 3488 2340 3528; x_wconf 79' lang='lat' dir='ltr'>et</span> <span class='ocrx_word' id='word_1_273' title='bbox 2369 3479 2421 3527; x_wconf 87' lang='lat' dir='ltr'>in</span> <span class='ocrx_word' id='word_1_274' title='bbox 2458 3481 2650 3529; x_wconf 81' lang='lat' dir='ltr'>ceteris</span> <span class='ocrx_word' id='word_1_275' title='bbox 2686 3490 2936 3544; x_wconf 82' lang='lat' dir='ltr'>suspecta</span> <span class='ocrx_word' id='word_1_276' title='bbox 2958 3490 3044 3533; x_wconf 80' lang='lat' dir='ltr'>est</span> 
     </span>
     <span class='ocr_line' id='line_1_32' title="bbox 1141 3544 3042 3610; baseline 0.002 -16"><span class='ocrx_word' id='word_1_277' title='bbox 1141 3546 1232 3609; x_wconf 85' lang='lat' dir='ltr'>qui</span> <span class='ocrx_word' id='word_1_278' title='bbox 1269 3545 1435 3595; x_wconf 86' lang='lat' dir='ltr'>locum</span> <span class='ocrx_word' id='word_1_279' title='bbox 1475 3545 1741 3595; x_wconf 82' lang='lat' dir='ltr'>Ciceronis</span> <span class='ocrx_word' id='word_1_280' title='bbox 1771 3559 1799 3593; x_wconf 85' lang='lat' dir='ltr'>e</span> <span class='ocrx_word' id='word_1_281' title='bbox 1824 3547 1963 3596; x_wconf 88' lang='lat' dir='ltr'>Dial.</span> <span class='ocrx_word' id='word_1_282' title='bbox 1986 3545 2053 3594; x_wconf 86' lang='lat' dir='ltr'>de</span> <span class='ocrx_word' id='word_1_283' title='bbox 2123 3544 2331 3595; x_wconf 80' lang='lat' dir='ltr'>citantis</span> <span class='ocrx_word' id='word_1_284' title='bbox 2343 3544 2865 3609; x_wconf 75' lang='lat' dir='ltr'>diligentis.2⁰.hunc</span> <span class='ocrx_word' id='word_1_285' title='bbox 2884 3560 3042 3610; x_wconf 77' lang='lat' dir='ltr'>quem</span> 
     </span>
     <span class='ocr_line' id='line_1_33' title="bbox 1141 3610 3043 3673; baseline 0.002 -14"><span class='ocrx_word' id='word_1_286' title='bbox 1141 3610 1348 3659; x_wconf 76' lang='lat' dir='ltr'>Seuecl.</span> <span class='ocrx_word' id='word_1_287' title='bbox 1381 3624 1429 3659; x_wconf 85' lang='lat' dir='ltr'>c.</span> <span class='ocrx_word' id='word_1_288' title='bbox 1464 3613 1514 3659; x_wconf 76' lang='lat'>4.</span> <span class='ocrx_word' id='word_1_289' title='bbox 1548 3611 1701 3661; x_wconf 84' lang='lat' dir='ltr'>aliter</span> <span class='ocrx_word' id='word_1_290' title='bbox 1732 3610 1881 3673; x_wconf 81' lang='lat' dir='ltr'>citat,</span> <span class='ocrx_word' id='word_1_291' title='bbox 1938 3623 2053 3661; x_wconf 86' lang='lat' dir='ltr'>uam</span> <span class='ocrx_word' id='word_1_292' title='bbox 2127 3612 2185 3659; x_wconf 87' lang='lat' dir='ltr'>C.</span> <span class='ocrx_word' id='word_1_293' title='bbox 2206 3610 2487 3660; x_wconf 82' lang='lat' dir='ltr'>Carvilium</span> <span class='ocrx_word' id='word_1_294' title='bbox 2520 3610 2735 3673; x_wconf 75' lang='lat' dir='ltr'>Pighius</span> <span class='ocrx_word' id='word_1_295' title='bbox 2772 3619 2827 3661; x_wconf 83' lang='lat' dir='ltr'>et</span> <span class='ocrx_word' id='word_1_296' title='bbox 2858 3611 3043 3662; x_wconf 85' lang='lat' dir='ltr'>Frein-</span> 
     </span>
     <span class='ocr_line' id='line_1_34' title="bbox 1143 3674 3042 3741; baseline 0.002 -18"><span class='ocrx_word' id='word_1_297' title='bbox 1143 3689 1281 3725; x_wconf 87' lang='lat' dir='ltr'>nunc</span> <span class='ocrx_word' id='word_1_298' title='bbox 1312 3689 1342 3725; x_wconf 88' lang='lat' dir='ltr'>a</span> <span class='ocrx_word' id='word_1_299' title='bbox 1375 3674 1519 3724; x_wconf 84' lang='lat' dir='ltr'>uobis</span> <span class='ocrx_word' id='word_1_300' title='bbox 1548 3674 1687 3739; x_wconf 87' lang='lat' dir='ltr'>apud</span> <span class='ocrx_word' id='word_1_301' title='bbox 1712 3676 1877 3739; x_wconf 83' lang='lat' dir='ltr'>ipsum</span> <span class='ocrx_word' id='word_1_302' title='bbox 1948 3676 2053 3726; x_wconf 82' lang='lat' dir='ltr'>ice—</span> <span class='ocrx_word' id='word_1_303' title='bbox 2122 3675 2366 3738; x_wconf 70' lang='lat' dir='ltr'>themius,</span> <span class='ocrx_word' id='word_1_304' title='bbox 2394 3676 2539 3740; x_wconf 83' lang='lat' dir='ltr'>qnasi</span> <span class='ocrx_word' id='word_1_305' title='bbox 2572 3689 2639 3723; x_wconf 83' lang='lat' dir='ltr'>ex</span> <span class='ocrx_word' id='word_1_306' title='bbox 2664 3675 2915 3737; x_wconf 66' lang='lat' dir='ltr'>clu-risio,</span> <span class='ocrx_word' id='word_1_307' title='bbox 2946 3690 3042 3741; x_wconf 82' lang='lat' dir='ltr'>ap·</span> 
     </span>
     <span class='ocr_line' id='line_1_35' title="bbox 1143 3739 3045 3807; baseline 0.003 -20"><span class='ocrx_word' id='word_1_308' title='bbox 1143 3754 1316 3790; x_wconf 87' lang='lat' dir='ltr'>ronem</span> <span class='ocrx_word' id='word_1_309' title='bbox 1359 3740 1569 3803; x_wconf 72' lang='lat' dir='ltr'>legitur.</span> <span class='ocrx_word' id='word_1_310' title='bbox 1647 3741 1837 3791; x_wconf 79' lang='lat' dir='ltr'>Utrum</span> <span class='ocrx_word' id='word_1_311' title='bbox 1880 3748 2051 3791; x_wconf 69' lang='lat' dir='ltr'>autem</span> <span class='ocrx_word' id='word_1_312' title='bbox 2124 3739 2342 3806; x_wconf 77' lang='lat' dir='ltr'>pellant,</span> <span class='ocrx_word' id='word_1_313' title='bbox 2364 3740 2503 3805; x_wconf 83' lang='lat' dir='ltr'>apud</span> <span class='ocrx_word' id='word_1_314' title='bbox 2534 3739 2701 3804; x_wconf 77' lang='lat' dir='ltr'>ipsum</span> <span class='ocrx_word' id='word_1_315' title='bbox 2724 3742 3045 3807; x_wconf 78' lang='lat' dir='ltr'>charisium,</span> 
     </span>
     <span class='ocr_line' id='line_1_36' title="bbox 1139 3804 3041 3871; baseline 0.002 -16"><span class='ocrx_word' id='word_1_316' title='bbox 1139 3806 1294 3870; x_wconf 83' lang='lat' dir='ltr'>hujus</span> <span class='ocrx_word' id='word_1_317' title='bbox 1311 3804 1648 3855; x_wconf 84' lang='lat' dir='ltr'>Grammatici</span> <span class='ocrx_word' id='word_1_318' title='bbox 1672 3806 1841 3868; x_wconf 82' lang='lat' dir='ltr'>potior</span> <span class='ocrx_word' id='word_1_319' title='bbox 1854 3806 2051 3856; x_wconf 84' lang='lat' dir='ltr'>haben·</span> <span class='ocrx_word' id='word_1_320' title='bbox 2122 3804 2551 3871; x_wconf 82' lang='lat' dir='ltr'>quemadmodum</span> <span class='ocrx_word' id='word_1_321' title='bbox 2591 3812 2645 3854; x_wconf 86' lang='lat' dir='ltr'>et</span> <span class='ocrx_word' id='word_1_322' title='bbox 2680 3806 2734 3857; x_wconf 87' lang='lat' dir='ltr'>in</span> <span class='ocrx_word' id='word_1_323' title='bbox 2770 3806 3041 3858; x_wconf 80' lang='lat' dir='ltr'>Ciceronis</span> 
     </span>
     <span class='ocr_line' id='line_1_37' title="bbox 1143 3870 3037 3937; baseline 0.003 -18"><span class='ocrx_word' id='word_1_324' title='bbox 1143 3870 1212 3920; x_wconf 84' lang='lat' dir='ltr'>da</span> <span class='ocrx_word' id='word_1_325' title='bbox 1233 3873 1299 3921; x_wconf 88' lang='lat' dir='ltr'>sit</span> <span class='ocrx_word' id='word_1_326' title='bbox 1328 3872 1625 3934; x_wconf 80' lang='lat' dir='ltr'>auctoritas,</span> <span class='ocrx_word' id='word_1_327' title='bbox 1658 3884 1810 3937; x_wconf 84' lang='lat' dir='ltr'>quam</span> <span class='ocrx_word' id='word_1_328' title='bbox 1844 3871 2051 3921; x_wconf 86' lang='lat' dir='ltr'>Cicero·</span> <span class='ocrx_word' id='word_1_329' title='bbox 2121 3870 2517 3933; x_wconf 74' lang='lat' dir='ltr'>exemplaribus,</span> <span class='ocrx_word' id='word_1_330' title='bbox 2586 3870 2678 3933; x_wconf 81' lang='lat' dir='ltr'>Sp.</span> <span class='ocrx_word' id='word_1_331' title='bbox 2754 3871 3037 3924; x_wconf 81' lang='lat' dir='ltr'>Carvilium</span> 
     </span>
     <span class='ocr_line' id='line_1_38' title="bbox 1141 3934 3043 4001; baseline 0.002 -15"><span class='ocrx_word' id='word_1_332' title='bbox 1141 3937 1222 3986; x_wconf 87' lang='lat' dir='ltr'>nis</span> <span class='ocrx_word' id='word_1_333' title='bbox 1269 3936 1640 3998; x_wconf 76' lang='lat' dir='ltr'>exemplarium</span> <span class='ocrx_word' id='word_1_334' title='bbox 1684 3950 1800 3998; x_wconf 67' lang='lat' dir='ltr'>que</span> <span class='ocrx_word' id='word_1_335' title='bbox 1844 3936 1909 3985; x_wconf 90' lang='lat' dir='ltr'>ad</span> <span class='ocrx_word' id='word_1_336' title='bbox 1958 3951 2053 3987; x_wconf 89' lang='lat' dir='ltr'>uos</span> <span class='ocrx_word' id='word_1_337' title='bbox 2122 3936 2395 3987; x_wconf 84' lang='lat' dir='ltr'>nominari.</span> <span class='ocrx_word' id='word_1_338' title='bbox 2458 3934 2653 3985; x_wconf 84' lang='lat' dir='ltr'>Saltem</span> <span class='ocrx_word' id='word_1_339' title='bbox 2696 3935 2793 3988; x_wconf 83' lang='lat' dir='ltr'>hoc</span> <span class='ocrx_word' id='word_1_340' title='bbox 2834 3952 3043 4001; x_wconf 64' lang='lat' dir='ltr'>preno-</span> 
     </span>
     <span class='ocr_line' id='line_1_39' title="bbox 1143 4000 3041 4066; baseline 0.002 -15"><span class='ocrx_word' id='word_1_341' title='bbox 1143 4014 1446 4065; x_wconf 81' lang='lat' dir='ltr'>pervenere,</span> <span class='ocrx_word' id='word_1_342' title='bbox 1464 4000 1690 4052; x_wconf 79' lang='lat' dir='ltr'>dubitari</span> <span class='ocrx_word' id='word_1_343' title='bbox 1710 4008 1901 4064; x_wconf 80' lang='lat' dir='ltr'>potest.</span> <span class='ocrx_word' id='word_1_344' title='bbox 1932 4001 2055 4065; x_wconf 72' lang='lat' dir='ltr'>Pig-</span> <span class='ocrx_word' id='word_1_345' title='bbox 2124 4017 2245 4052; x_wconf 86' lang='lat' dir='ltr'>men</span> <span class='ocrx_word' id='word_1_346' title='bbox 2286 4000 2435 4051; x_wconf 85' lang='lat' dir='ltr'>nobis</span> <span class='ocrx_word' id='word_1_347' title='bbox 2472 4000 2701 4051; x_wconf 85' lang='lat' dir='ltr'>occurrit</span> <span class='ocrx_word' id='word_1_348' title='bbox 2744 4002 2799 4051; x_wconf 88' lang='lat' dir='ltr'>iu</span> <span class='ocrx_word' id='word_1_349' title='bbox 2835 4004 3041 4066; x_wconf 78' lang='lat' dir='ltr'>optima</span> 
     </span>
     <span class='ocr_line' id='line_1_40' title="bbox 1143 4066 3041 4131; baseline 0.002 -15"><span class='ocrx_word' id='word_1_350' title='bbox 1143 4068 1258 4117; x_wconf 80' lang='lat' dir='ltr'>hius</span> <span class='ocrx_word' id='word_1_351' title='bbox 1293 4066 1520 4131; x_wconf 82' lang='lat' dir='ltr'>quidem,</span> <span class='ocrx_word' id='word_1_352' title='bbox 1551 4066 1603 4115; x_wconf 86' lang='lat' dir='ltr'>iu</span> <span class='ocrx_word' id='word_1_353' title='bbox 1650 4066 1957 4123; x_wconf 73' lang='lat' dir='ltr'>Annalibus,</span> <span class='ocrx_word' id='word_1_354' title='bbox 1990 4074 2047 4117; x_wconf 81' lang='lat' dir='ltr'>et</span> <span class='ocrx_word' id='word_1_355' title='bbox 2116 4068 2205 4117; x_wconf 88' lang='lat' dir='ltr'>illa</span> <span class='ocrx_word' id='word_1_356' title='bbox 2248 4074 2303 4116; x_wconf 80' lang='lat' dir='ltr'>et</span> <span class='ocrx_word' id='word_1_357' title='bbox 2356 4066 2746 4116; x_wconf 81' lang='lat' dir='ltr'>accuratissima</span> <span class='ocrx_word' id='word_1_358' title='bbox 2801 4066 3041 4119; x_wconf 78' lang='lat' dir='ltr'>editions</span> 
     </span>
     <span class='ocr_line' id='line_1_41' title="bbox 1143 4130 3041 4196; baseline 0.002 -15"><span class='ocrx_word' id='word_1_359' title='bbox 1143 4138 1260 4196; x_wconf 87' lang='lat' dir='ltr'>post</span> <span class='ocrx_word' id='word_1_360' title='bbox 1281 4145 1398 4181; x_wconf 87' lang='lat' dir='ltr'>eum</span> <span class='ocrx_word' id='word_1_361' title='bbox 1422 4130 1795 4181; x_wconf 76' lang='lat' dir='ltr'>Freinshemius</span> <span class='ocrx_word' id='word_1_362' title='bbox 1816 4132 2049 4183; x_wconf 78' lang='lat' dir='ltr'>charisio</span> <span class='ocrx_word' id='word_1_363' title='bbox 2118 4130 2337 4182; x_wconf 81' lang='lat' dir='ltr'>Charisii</span> <span class='ocrx_word' id='word_1_364' title='bbox 2358 4140 2413 4181; x_wconf 84' lang='lat' dir='ltr'>et</span> <span class='ocrx_word' id='word_1_365' title='bbox 2444 4138 2734 4181; x_wconf 84' lang='lat' dir='ltr'>ceterorum</span> <span class='ocrx_word' id='word_1_366' title='bbox 2764 4132 3041 4184; x_wconf 84' lang='lat' dir='ltr'>Gramma-</span> 
     </span>
     <span class='ocr_line' id='line_1_42' title="bbox 1139 4196 3039 4262; baseline 0.001 -15"><span class='ocrx_word' id='word_1_367' title='bbox 1139 4196 1493 4248; x_wconf 83' lang='lat' dir='ltr'>crediderunt.</span> <span class='ocrx_word' id='word_1_368' title='bbox 1523 4196 1634 4247; x_wconf 86' lang='lat' dir='ltr'>Nos</span> <span class='ocrx_word' id='word_1_369' title='bbox 1645 4196 2055 4261; x_wconf 82' lang='lat' dir='ltr'>observabimus,</span> <span class='ocrx_word' id='word_1_370' title='bbox 2122 4198 2362 4259; x_wconf 62' lang='lat' dir='ltr'>nieorum,</span> <span class='ocrx_word' id='word_1_371' title='bbox 2381 4211 2531 4262; x_wconf 84' lang='lat' dir='ltr'>quam</span> <span class='ocrx_word' id='word_1_372' title='bbox 2556 4196 2828 4247; x_wconf 81' lang='lat' dir='ltr'>adornavit</span> <span class='ocrx_word' id='word_1_373' title='bbox 2852 4198 3039 4249; x_wconf 84' lang='lat' dir='ltr'>Helias</span> 
     </span>
     <span class='ocr_line' id='line_1_43' title="bbox 1142 4262 3037 4328; baseline 0.001 -14"><span class='ocrx_word' id='word_1_374' title='bbox 1142 4267 1213 4314; x_wconf 80' lang='lat'>1⁰.</span> <span class='ocrx_word' id='word_1_375' title='bbox 1231 4262 1296 4313; x_wconf 89' lang='lat' dir='ltr'>ab</span> <span class='ocrx_word' id='word_1_376' title='bbox 1319 4262 1409 4313; x_wconf 88' lang='lat' dir='ltr'>illo</span> <span class='ocrx_word' id='word_1_377' title='bbox 1433 4262 1791 4314; x_wconf 75' lang='lat' dir='ltr'>Grammatico</span> <span class='ocrx_word' id='word_1_378' title='bbox 1822 4264 1873 4313; x_wconf 89' lang='lat' dir='ltr'>in</span> <span class='ocrx_word' id='word_1_379' title='bbox 1898 4262 2054 4313; x_wconf 84' lang='lat' dir='ltr'>Cice·</span> <span class='ocrx_word' id='word_1_380' title='bbox 2122 4262 2419 4328; x_wconf 79' lang='lat' dir='ltr'>Putschius,</span> <span class='ocrx_word' id='word_1_381' title='bbox 2440 4262 2717 4327; x_wconf 75' lang='lat' dir='ltr'>Hauoviae,</span> <span class='ocrx_word' id='word_1_382' title='bbox 2733 4277 2869 4313; x_wconf 85' lang='lat' dir='ltr'>auno</span> <span class='ocrx_word' id='word_1_383' title='bbox 2886 4267 3037 4316; x_wconf 73' lang='lat'>16⁰5.</span> 
     </span>
     <span class='ocr_line' id='line_1_44' title="bbox 1143 4326 2266 4381; baseline 0 -4"><span class='ocrx_word' id='word_1_384' title='bbox 1143 4328 1283 4377; x_wconf 85' lang='lat' dir='ltr'>ronis</span> <span class='ocrx_word' id='word_1_385' title='bbox 1314 4327 1475 4378; x_wconf 81' lang='lat' dir='ltr'>verba</span> <span class='ocrx_word' id='word_1_386' title='bbox 1505 4326 1735 4378; x_wconf 73' lang='lat' dir='ltr'>infercit-i</span> <span class='ocrx_word' id='word_1_387' title='bbox 1767 4342 1951 4379; x_wconf 85' lang='lat' dir='ltr'>nomen</span> <span class='ocrx_word' id='word_1_388' title='bbox 1981 4330 2050 4381; x_wconf 83' lang='lat' dir='ltr'>Q.</span> <span class='ocrx_word' id='word_1_389' title='bbox 2125 4329 2266 4380; x_wconf 78' lang='lat' dir='ltr'>Creu.</span> 
     </span>
    </p>

    <p class='ocr_par' dir='ltr' id='par_1_23' title="bbox 1147 4390 2051 4462">
     <span class='ocr_line' id='line_1_45' title="bbox 1147 4390 2051 4462; baseline 0.002 -19"><span class='ocrx_word' id='word_1_390' title='bbox 1147 4392 1311 4452; x_wconf 78' lang='lat' dir='ltr'>Fabii,</span> <span class='ocrx_word' id='word_1_391' title='bbox 1351 4392 1488 4462; x_wconf 84' lang='lat' dir='ltr'>qnod</span> <span class='ocrx_word' id='word_1_392' title='bbox 1525 4394 1616 4445; x_wconf 86' lang='lat' dir='ltr'>illo</span> <span class='ocrx_word' id='word_1_393' title='bbox 1651 4394 1767 4446; x_wconf 84' lang='lat' dir='ltr'>loco</span> <span class='ocrx_word' id='word_1_394' title='bbox 1807 4407 1907 4445; x_wconf 86' lang='lat' dir='ltr'>uec</span> <span class='ocrx_word' id='word_1_395' title='bbox 1950 4390 2051 4445; x_wconf 81' lang='lat' dir='ltr'>fuit</span> 
     </span>
    </p>
   </div>
   <div class='ocr_carea' id='block_1_13' title="bbox 3224 4429 3240 5176">
    <p class='ocr_par' dir='ltr' id='par_1_24' title="bbox 3224 4429 3240 5176">
     <span class='ocr_line' id='line_1_46' title="bbox 3224 4429 3240 5176; baseline 0 0"><span class='ocrx_word' id='word_1_396' title='bbox 3224 4429 3240 5176; x_wconf 95' lang='lat' dir='ltr'> </span> 
     </span>
    </p>
   </div>
  </div>
 </body>
</html>
