3300 5225
888 542 1096 591 mmu
1145 540 1323 591 xix.
1363 542 2011 595 sum-nnunt'run.
2392 528 2565 595 1613

331 684 478 747 socii
513 684 812 765 utriusque
852 684 1058 765 populi
1101 685 1180 745 ab
1220 692 1470 766 utroque
1515 685 1626 745 tuti
1671 684 1897 747 forent:
1946 686 2137 745 neutri
2174 686 2235 747 in

329 781 576 843 alterius
623 780 848 842 ditione
890 782 1212 861 quicquam
1252 780 1580 863 imperandi
1629 781 1942 863 publiceve
1990 780 2238 843 inaedifi-

323 876 533 950 eundi,
557 877 832 939 militisve
871 877 1008 939 inde
1036 878 1406 940 conducendi
1423 880 1529 959 jus
1551 888 1739 941 esset:
1782 899 1973 961 neque
1998 880 2241 941 alterius

329 974 540 1057 populi
579 978 768 1036 socios
794 975 946 1037 alter
969 976 1030 1035 in
1056 976 1376 1037 amicitiam
1401 986 1466 1039 et
1487 978 1832 1039 societatem
1864 976 2239 1038 admitteret?

330 1072 635 1134 Additum
679 1082 791 1146 est,
839 1082 858 1110 ‘
883 1074 1012 1135 haec
1055 1074 1140 1135 ita
1178 1083 1311 1134 rata
1349 1074 1498 1146 fore,
1539 1075 1590 1135 si
1633 1074 1883 1157 populus
1926 1072 2238 1135 Romanus
2260 1084 2430 1153 Polyb.
2443 1090 2567 1139 nox.

319 1170 637 1249 juoeisset?
718 1170 832 1242 At,
857 1179 926 1231 nt
965 1190 1130 1231 arma
1168 1172 1270 1253 qni
1313 1171 1570 1253 Erycem
1604 1172 1885 1232 tenebant
1917 1170 2235 1243 traderent,
2260 1156 2566 1283 {²031ssssss

329 1288 678 1349 quanquam
715 1286 754 1328 a
791 1267 1032 1329 consule
1074 1268 1436 1350 postulatum
1465 1268 1681 1341 fuerat,
1706 1269 1956 1331 obtineri
1982 1288 2101 1330 uon
2139 1288 2243 1350 po-

327 1366 486 1425 tuit:
528 1385 665 1425 cum
707 1363 1025 1426 Hamilcar
1065 1376 1085 1401 ‘
1115 1367 1277 1449 prius
1315 1376 1377 1427 et
1417 1367 1693 1448 patriam,
1720 1376 1783 1427 et
1820 1388 1885 1427 se
1910 1366 2241 1428 oblaturum

330 1462 549 1523 exitio’
573 1462 818 1536 diceret,
846 1472 866 1501 ‘
894 1484 1074 1545 quam
1097 1472 1324 1524 tantam
1350 1464 1542 1525 adiret
1565 1464 1982 1544 ignominiam.³
2056 1461 2241 1524 Illam

328 1568 536 1621 tamen
568 1559 989 1633 conditionem,
1019 1570 1038 1597 ‘
1067 1570 1136 1622 ut
1173 1562 1234 1621 in
1266 1561 1466 1643 capita
1502 1560 1923 1624 duodevicenis
1946 1559 2201 1621 denariis
2214 1569 2243 1596 ’⁸
2263 1568 2569 1622 Limum.

329 1657 634 1739 praestitis,
661 1658 742 1719 ab
769 1658 964 1739 Eryce
989 1658 1392 1731 emitteretnr,’
1418 1658 1667 1740 accepit.

413 1760 520 1815 61.
565 1754 742 1815 Missi
781 1754 994 1816 deinde
1036 1755 1300 1817 Romam
1339 1764 1404 1817 et
1438 1776 1477 1817 a
1499 1754 1741 1817 consule
1774 1764 1837 1815 et
1862 1775 1901 1815 a
1924 1754 2131 1816 Poem‘s
2154 1754 2241 1816 le·
2264 1768 2435 1821 zonat.

331 1852 480 1932 gati,
511 1853 616 1933 qui
640 1850 718 1913 de
745 1853 910 1935 pacis
935 1854 1096 1913 initae
1120 1852 1348 1933 legibus
1371 1864 1641 1915 senatum
1669 1852 2069 1934 populumque
2109 1850 2243 1913 Ro·

333 1968 576 2009 manum
615 1948 949 2013 edocerent.
1047 1948 1118 2011 N
1119 1970 1196 2011 on
1237 1951 1510 2033 probavit
1551 1970 1761 2032 pacem
1801 1950 2087 2034 populus:
2140 1948 2244 2010 sed
2264 1966 2571 2036 romum,

332 2046 542 2107 decem
588 2045 817 2126 legatos
856 2047 935 2109 ad
975 2068 1068 2108 res
1101 2047 1494 2129 inspiciendas
1528 2048 1683 2109 mitti
1697 2048 1897 2128 jussit,
1924 2048 2111 2127 iisque
2150 2062 2243 2108 re:-

331 2145 518 2206 versis
569 2144 824 2205 intendit
871 2144 1270 2217 conditiones3
1331 2154 1350 2181 ‘
1377 2153 1447 2205 ut
1495 2144 1659 2205 mille
1708 2145 1975 2206 talenta⁰
2018 2144 2243 2218 statim,
2302 2157 2471 2228 Polyb.
2482 2174 2570 2209 m.

330 2239 550 2302 deinde
577 2243 847 2325 proximo
873 2241 1158 2303 decennio
1183 2242 1303 2303 duo
1327 2241 1518 2303 millia
1541 2242 1797 2304 ducenta
1821 2240 2241 2324 penderentur:
2266 2228 2355 2338 ξ]
2391 2288 2424 2338 b
2485 2292 2550 2341 ω

333 2348 402 2400 ut
441 2348 660 2420 praeter
695 2339 988 2413 Siciliam,
1033 2340 1304 2401 omnibus
1349 2340 1576 2412 insulis,
1618 2359 1756 2421 quoe
1794 2341 1949 2401 inter
1995 2340 2151 2402 hanc
2184 2349 2247 2400 et
2267 2304 2491 2431 οξέιιῖιιῖ.
2504 2325 2569 2405 αι’

333 2435 586 2498 Italiam
625 2446 840 2511 essent,
867 2437 1286 2499 excederetur:
1329 2458 1478 2499 neve
1519 2436 1713 2517 longis
1748 2437 2001 2499 navibus
2024 2438 2085 2497 in
2112 2436 2243 2498 Ita-
2265 2420 2577 2539 :fc-{¹¹:⁸¹}-

332 2532 504 2606 liam,
531 2543 640 2596 aut
677 2534 942 2597 Romani
969 2535 1128 2616 juris
1167 2534 1390 2596 insulas
1423 2535 1769 2615 navigarent
1794 2534 2009 2605 Poeni3
2054 2555 2246 2618 neque
2267 2502 2485 2602 Zonar.u

331 2632 588 2694 militem
629 2633 1052 2694 mercenarium
1089 2653 1168 2694 ex
1211 2633 1286 2694 iis
1329 2631 1768 2694 conducerent?
1865 2632 2245 2714 Carthagini·
2301 2649 2409 2702 Liv-
2440 2649 2572 2716 Epir.

337 2751 526 2803 enses,
552 2729 698 2791 dum
735 2751 886 2812 pace
925 2733 1273 2812 potirentur,
1299 2730 1446 2791 nihil
1472 2750 1837 2792 recusavere.
1920 2728 2243 2792 Hamilcar
2266 2731 2387 2769 ¹¹⁸·

337 2829 538 2888 statim
601 2827 849 2910 imperio
901 2826 1192 2909 deposito,
1243 2827 1582 2910 priusquam
1623 2827 2019 2909 jurejurando
2066 2836 2245 2910 pecta
2264 2843 2569 2912 Polybano.

335 2925 728 2998 sancirentur,
777 2923 1134 3006 Lilybaeum,
1183 2933 1364 3006 atque
1409 2923 1544 2984 inde
1593 2923 2015 3004 Carthaginem
2057 2933 2244 2986 trans-
2268 2945 2441 2996 zon-r.

337 3022 536 3083 misit:
597 3043 732 3083 cum
785 3031 848 3082 et
899 3022 1185 3094 consiliis,
1231 3031 1296 3084 et
1338 3022 1512 3082 armis
1562 3020 1783 3083 ducum
1826 3023 2091 3082 omnium
2141 3024 2246 3104 qui
2270 3043 2571 3111 Polym-64.

332 3139 432 3181 ses
482 3140 558 3182 eo
601 3119 768 3183 bello
823 3127 1122 3200 gesserunt
1163 3118 1326 3180 haud
1377 3117 1560 3180 dubie
1601 3119 2141 3200 praestantissimum
2182 3140 2247 3183 se

339 3217 724 3278 exhibuisset.
1119 3257 1128 3271 ι

419 3321 526 3376 62.
570 3313 720 3376 Hoc
759 3313 1012 3375 maxime
1057 3312 1236 3375 modo
1273 3322 1337 3374 et
1379 3323 1627 3393 gestum,
1672 3322 1737 3374 et
1776 3312 2113 3378 confectum
2156 3323 2247 3374 est

335 3411 570 3473 bellum
607 3409 760 3473 illud
803 3411 1292 3492 Carthaginiense
1333 3411 1622 3492 primum3
1670 3411 1828 3492 quod
1871 3412 1932 3472 in
1972 3419 2245 3493 quartum
2268 3434 2579 3502 p015b,1‚oe,

335 3517 407 3570 et
433 3509 776 3571 vicesimum
805 3529 1024 3570 annum
1047 3517 1284 3570 traxere
1309 3509 1460 3569 varii
1483 3528 1679 3580 casus,
1706 3517 1769 3570 et
1790 3509 2019 3570 atrocia
2042 3509 2246 3569 utrim-

339 3627 462 3688 que
487 3605 730 3679 damna,
753 3605 862 3668 sed
885 3608 1114 3686 majora
1136 3625 1364 3677 eorum,
1392 3605 1496 3688 qui
1515 3606 1595 3666 ad
1612 3614 1943 3666 extremum
1962 3605 2247 3668 vicerunt.

338 3701 516 3764 Nam
555 3703 824 3765 Punicas
860 3702 1100 3785 quidem
1139 3703 1587 3786 quinqueremes
1625 3703 1861 3764 circiter
1899 3703 2251 3783 quingentas
2270 3715 2483 3782 Appiam.
2492 3733 2574 3780 ap.

337 3820 418 3862 eo
441 3799 608 3862 bello
631 3800 872 3883 periisse
895 3800 1161 3874 tradunt,
1180 3801 1284 3882 qui
1301 3800 1663 3881 singularum
1680 3799 1945 3861 cladium
1964 3801 2247 3861 rationem
2270 3781 2578 3917 {ggbffifim

339 3897 600 3982 inivere3
645 3896 1055 3960 Romanarum
1097 3898 1175 3959 ad
1217 3898 1650 3980 septingentas:
1694 3917 1815 3978 quo
1854 3897 2111 3958 maxime
2152 3917 2248 3958 ar-

337 4003 622 4074 gumento
647 3993 944 4058 Romanoe
971 3995 1319 4057 constantine
1344 3995 1522 4055 robur
1545 3995 1843 4076 apparuit,
1868 3994 2031 4076 quod
2070 3994 2251 4055 nullis

340 4111 538 4176 neque
566 4091 904 4177 praeliorum
939 4091 1220 4170 adversis,
1247 4111 1438 4174 neque
1463 4099 1797 4174 temporum
1829 4092 2063 4153 casibus
2094 4090 2248 4155 frac-

407 4318 438 4344 ·
487 4309 842 4361 Duodericenis
866 4311 1104 4378 duciis]
1151 4309 1264 4360 Un·
1393 4319 1418 4346 ⁰
1451 4309 1593 4363 Mille
1612 4309 1821 4374 munta]
1873 4310 2025 4362 Mine
2051 4312 2251 4364 talenta

339 4375 442 4428 ciis
463 4376 672 4440 argenti
694 4377 1015 4430 nostratibus
1041 4380 1092 4428 2.
1113 4387 1261 4444 gron·
1333 4376 1570 4428 Euboica
1629 4375 2007 4442 responderent
2058 4378 2249 4430 marcis

343 4443 420 4494 si·
440 4444 492 4494 2.
529 4441 676 4492 cm.
1334 4441 1657 4496 nostratibus
1679 4445 1859 4495 62600.
1898 4443 2039 4495 Cren-
