3300 5225
765 454 938 522 1622
1714 477 1785 524 τ.
1834 473 2023 524 mvu

1086 623 1248 688 sent,
1279 615 1569 697 utrimque
1627 617 1855 680 dierum
1897 615 2123 697 aliquot
2166 613 2417 676 induciae
2460 615 2819 678 constitutae.
2910 614 3001 678 Et

1089 711 1274 792 legati
1296 713 1536 794 quidem
1563 713 1827 776 Romam
1853 712 2099 795 profecti
2126 711 2433 773 adversum
2450 732 2489 773 a
2514 721 2722 773 senatu
2750 733 2997 794 respon·

1085 829 1214 870 sum
1241 829 1555 892 accepere:
1597 811 1771 871 simul
1810 811 2062 889 majores
2102 817 2309 870 contra
2345 810 2505 870 hunc
2536 808 2858 870 tumultum
2888 829 3001 891 ap-

1089 916 1330 987 paratus
1352 906 1518 980 facti,
1559 927 1805 992 quorum
1831 928 1969 967 usus
2008 915 2214 988 postea
2238 926 2353 966 non
2381 906 2515 980 fuit,
2546 926 2682 967 cum
2706 905 2997 968 formida·

1089 1003 1209 1064 bile
1237 1002 1458 1064 bellum
1483 1005 1608 1066 sine
1636 1003 1917 1066 Romano
1938 1004 2220 1083 sanguine
2244 1001 2481 1064 fortuna
2504 1002 2877 1064 confecisset.

797 1115 971 1182 Polyb.
1007 1129 1066 1164 u.
1173 1107 1274 1162 10.
1318 1099 1484 1160 Dum
1507 1102 1665 1162 enim
1697 1101 1875 1180 legati
1913 1100 2179 1171 redeunt,
2230 1099 2369 1178 Boii
2412 1121 2553 1161 cum
2588 1099 3001 1182 Transalpinis

761 1186 849 1234 ²¹·
1091 1196 1330 1258 auxiliis
1355 1197 1482 1258 acie
1504 1197 1859 1259 dimicavere
1883 1197 1975 1257 his
1998 1196 2074 1257 de
2102 1198 2311 1258 causis.
2398 1195 2621 1276 Ignara
2646 1196 2824 1278 plebe
2846 1197 2997 1259 Boi-

1089 1313 1254 1355 orum
1281 1293 1701 1376 Transalpinus
1720 1295 2013 1355 exercitus
2040 1293 2377 1355 Ariminum
2407 1304 2789 1376 processerat.
2836 1294 3006 1356 Inde

1089 1391 1445 1472 suspiciones
1468 1400 1634 1463 ortae,
1678 1411 1753 1452 ne
1794 1390 1873 1452 ad
1914 1391 2209 1470 regionem
2254 1393 2427 1452 istam
2468 1391 2583 1452 sibi
2625 1391 2997 1455 retinendam

1088 1488 1415 1549 venissent:
1457 1497 1803 1569 tantumque
1829 1486 2149 1549 conflatum
2189 1497 2279 1548 est
2317 1487 2609 1560 odiorum,
2654 1499 2725 1548 ut
2757 1489 3000 1568 regibus

1088 1585 1208 1645 suis
1233 1585 1360 1646 Ate
1385 1595 1449 1646 et
1481 1583 1731 1658 Galata),
1774 1594 2063 1667 tanquam
2089 1586 2167 1646 ob
2216 1584 2603 1666 proditionem
2644 1585 2997 1658 interfectis,

1091 1679 1450 1742 advenarum
1473 1682 1677 1764 copias
1718 1701 1859 1762 agro
1882 1703 1989 1743 suo
2016 1681 2315 1764 depellere
2336 1683 2399 1742 vi
2432 1691 2804 1743 conarentur.
2892 1681 3001 1744 Ita

768 1781 936 1832 Ζοιιυ.
1091 1797 1306 1855 magna
1329 1777 1494 1839 caede
1519 1788 1876 1860 pugnatum:
1918 1786 1980 1838 et
2002 1778 2181 1839 valde
2206 1779 2525 1839 imminutis
2539 1779 2833 1860 utrimque
2857 1780 2999 1840 viri-

1090 1874 1221 1946 bus,
1249 1874 1620 1956 Transalpini
1647 1874 1851 1937 domos
1880 1875 2123 1939 rediere.
2208 1876 2378 1936 Boiis
2417 1875 2658 1937 ademta
2688 1897 2828 1958 pars
2868 1877 2999 1956 agri

1091 1991 1296 2052 pacem
1323 1993 1362 2032 a
1387 1971 1680 2032 Romanis
1710 1971 1894 2033 dedit.
1980 1971 2125 2034 Hoc
2167 1973 2329 2034 bello
2366 1981 2491 2033 tam
2533 1973 2805 2034 celeriter
2843 1995 2995 2036 con-

1091 2066 1270 2140 fecto,
1311 2068 1581 2129 consules
1619 2069 1682 2129 in
1728 2068 2026 2149 Liguriam
2072 2070 2329 2130 abivere.
2416 2069 2516 2129 Ibi
2560 2069 2643 2130 P.
2679 2070 2995 2143 Lentulus,

1091 2162 1415 2244 profligatis
1438 2166 1542 2247 qui
1567 2174 1937 2226 occurrerant
1960 2167 2244 2239 hostibus,
2281 2165 2358 2227 de
2398 2175 2597 2228 cetero
2623 2187 2729 2248 per
2750 2167 2997 2229 illorum

1091 2262 1386 2340 regionem
1411 2263 1737 2324 exercitum
1756 2263 2215 2336 circumducens,
2233 2262 2481 2325 castella
2500 2263 2773 2344 quaedam
2790 2265 2993 2340 armis,

1093 2355 1214 2418 alia
1236 2356 1534 2420 deditione
1560 2361 1801 2440 recepit.

1174 2461 1274 2516 11.
1318 2454 1394 2517 C.
1426 2455 1684 2516 Licinius
1710 2457 1770 2516 in
1799 2455 2098 2518 Corsicam
2129 2459 2569 2537 transjecimus,
2594 2478 2731 2519 cum
2756 2459 2836 2520 ad
2862 2461 2996 2521 uni-

1092 2570 1320 2614 versum
1347 2553 1671 2615 exercitum
1698 2573 1817 2613 una
1840 2551 2266 2635 deportandum
2292 2555 2529 2635 navigia
2566 2553 2861 2631 deessent,
2894 2557 2990 2619 M.

1096 2650 1418 2712 Claudium
1467 2650 1729 2713 Gliciam
1762 2671 1899 2712 cum
1928 2661 2093 2732 parte
2142 2652 2441 2732 copiarum
2478 2654 2780 2734 praemisit.
2866 2655 2996 2723 Qui

1093 2750 1356 2809 vanitate
1382 2768 1607 2822 vecors,
1649 2768 1785 2809 cum
1827 2749 2157 2830 perterritos
2198 2748 2455 2810 adventu
2498 2770 2605 2810 suo
2643 2749 2864 2812 Corsos
2904 2753 2997 2814 vi·-

769 2958 1070 3025 ΠΨ...
1084 2845 2657 3021 ῗζῗὲἑῗὲἓῗέῗέἒῗῷῗέἶὶἓὲῗξῖῗζξὶ.ζ“ἲζὲῗ,ξ
2674 2867 3001 3007 ἒξῖἓὲἳῖ

767 3024 860 3076 len.
1094 3039 1174 3099 sis
1196 3059 1302 3099 suo
1327 3040 1560 3099 nomine
1585 3039 1832 3121 pepigit,
1858 3048 2142 3120 tanquam
2168 3039 2229 3099 in
2263 3060 2326 3100 se
2354 3048 2643 3102 tracturus
2666 3040 2875 3102 insulae
2901 3064 2996 3104 re·-

767 3154 936 3205 ιω.
1093 3144 1284 3217 ceptae
1309 3136 1575 3215 gloriam.
1635 3134 1733 3196 At
1757 3135 1978 3208 Varus,
2006 3156 2141 3197 cum
2166 3138 2431 3198 exercitu
2457 3138 2687 3219 reliquo
2712 3158 2995 3220 superve-

1095 3233 1281 3305 niens,
1307 3232 1519 3293 frustra
1545 3232 1943 3293 Claudianum
1976 3253 2186 3313 pacem
2218 3234 2567 3295 invocantes
2587 3236 2763 3295 armis
2788 3256 2997 3315 urgere

802 3430 1046 3483 rm...
1094 3329 1744 3509 ἰξῖἶὲᾔᾙᾱᾷᾚὲῖ
1770 3329 2381 3509 ffissffiffi
2394 3340 2579 3489 2¹:2¹5.
2603 3330 2999 3510 3:353..ss

767 3501 992 3617 {fix-⁰230·
1093 3545 1217 3587 rem
1254 3525 1452 3587 Corsis
1475 3523 1808 3585 dedendum
1847 3526 2099 3585 censuit:
2143 3523 2379 3597 deinde,
2404 3526 2546 3606 quia
2576 3536 2845 3608 receptus
2877 3548 2997 3590 non

803 3632 915 3683 val.
935 3630 1073 3680 Mu.
1094 3632 1242 3695 erat,
1273 3623 1330 3684 in
1352 3622 1594 3704 publica
1618 3621 1891 3684 custodia
1916 3622 2112 3682 necari
2127 3622 2327 3700 jussit.
2414 3622 2703 3683 Censores
2730 3624 2781 3685 is
2806 3644 2996 3685 annus
3062 3687 3071 3693 ,

769 3700 1068 3829 {agi-3252·
1095 3720 1304 3781 habuit
1332 3720 1401 3780 L.
1430 3719 1772 3781 Cornelium
1800 3718 1872 3781 L.
1904 3717 1973 3779 F.
2001 3717 2097 3779 Ti.
2127 3717 2218 3779 N.
2264 3719 2583 3781 Lentulum
2624 3719 2994 3794 Caudinum,

1098 3816 1183 3884 Q.
1226 3816 1529 3877 Lutatium
1571 3816 1645 3877 C.
1676 3816 1750 3876 F.
1779 3815 1855 3877 C.
1891 3814 1983 3877 N.
2014 3814 2373 3899 Cerconem:
2434 3816 2537 3897 qui
2585 3816 2831 3878 lustrum
2874 3837 2999 3879 non

1095 3912 1506 3985 condiderunt,
1535 3912 1618 3980 Q.
1649 3912 1917 3975 Cercone
1942 3911 2003 3972 in
2030 3913 2371 3991 magistratu
2400 3922 2648 3974 mortuo.

1173 4016 1275 4071 12.
1333 4010 1697 4091 Quanquam
1740 4008 1834 4069 M.
1880 4008 2169 4070 Claudius
2210 4009 2449 4071 deditus
2498 4010 2721 4085 Corsis,
2774 4010 2995 4074 deinde

1092 4106 1386 4191 supplicio
1410 4106 1657 4167 affectus
1680 4106 1891 4177 fuerat,
1928 4126 2045 4167 non
2070 4105 2205 4167 ideo
2229 4107 2563 4189 persuaderi
2593 4108 2858 4169 barbaris
2883 4130 2991 4192 po-

1090 4206 1227 4278 tuit,
1244 4206 1412 4286 justo
1434 4224 1498 4265 se
1524 4212 1732 4286 postea
1748 4202 1909 4264 bello
1926 4203 2139 4284 petitos
2162 4202 2357 4267 fuisse.
2444 4204 2649 4272 Quare
2665 4208 2895 4267 saucios
2918 4228 2993 4268 eo

769 4334 936 4386 m,
1091 4302 1294 4367 dolore
1319 4303 1543 4365 animos
1565 4302 1777 4365 vicinae
1804 4300 2092 4365 Sardiniae
2118 4311 2309 4365 motus
2334 4301 2509 4367 facile
2542 4303 2803 4386 impulit,
2826 4314 2891 4365 ut
2910 4303 2992 4367 ad
