3300 5225
816 529 993 598 1620
1770 543 1841 592 τ’.
1890 541 2081 591 mvn

1142 685 1421 761 studium,
1449 705 1705 768 quocum
1728 705 1833 768 per
1859 706 2045 747 annos
2068 693 2319 765 quatuor
2334 687 2397 744 et
2420 683 2631 762 viginti
2658 680 2903 764 ancipiti
2927 680 3052 743 for-

1145 793 1290 846 tuna
1315 793 1636 867 pugnatum
1663 782 2066 855 meminerant,
2094 789 2178 853 et,
2200 781 2311 841 nisi
2346 781 2407 840 in
2434 789 2693 861 tempore
2714 799 3051 840 occurrere-

1143 891 1261 954 tur,
1288 883 1469 942 etiam
1504 889 1713 963 postea
1746 877 2125 962 pugnandum
2155 878 2269 939 sibi
2308 877 2767 959 prospiciebant.
2836 876 3049 944 Quare

817 990 1117 1057 Polyb.1.88.
1138 1000 1280 1041 cum
1332 978 1670 1040 Sardiniam
1720 978 1888 1038 iuviti
1938 976 2303 1038 dimitterent
2348 974 2548 1046 Poeni,
2578 976 2829 1055 jamque
2879 973 3051 1036 bello

1141 1087 1348 1138 contra
1371 1075 1759 1138 mercenarios
1796 1074 2081 1147 defuncti,
2124 1093 2288 1134 arma
2326 1071 2675 1134 defectionis
2708 1071 3051 1132 auctoribus

1142 1174 1356 1236 inferre
1383 1173 1823 1244 meditarentur,
1853 1180 2089 1253 arrepta
2121 1172 2251 1232 haec
2276 1190 2315 1231 a
2339 1169 2637 1240 Romanis
2670 1178 2762 1230 est
2785 1169 3045 1240 occasio,

1141 1279 1160 1307 ⁶
1181 1270 1520 1353 bellumque
1546 1270 1781 1331 Poeuis'
1822 1269 2143 1340 decretum,
2189 1276 2209 1305 ‘
2228 1267 2289 1328 ni
2316 1267 2512 1340 armis,
2539 1285 2675 1350 quae
2699 1267 2759 1326 in
2786 1265 3047 1348 speciem

1141 1367 1423 1430 adversus
1461 1366 1715 1429 rebelles
1750 1387 1906 1438 suos,
1952 1387 2013 1427 re
2056 1375 2253 1426 autem
2292 1385 2437 1426 vera
2478 1373 2687 1426 contra
2732 1363 3049 1427 Romanos

1139 1467 1497 1540 sumsissent,
1525 1463 1949 1526 abstinerem-‚³
1992 1463 2095 1525 Ita
2121 1461 2659 1544 Carthaginienses,
2676 1462 2874 1523 alieno
2890 1471 3047 1523 tem-

1142 1584 1282 1646 pore
1324 1562 1550 1624 bellum
1590 1561 1993 1641 gravissimum
2032 1560 2325 1642 suscipere
2370 1559 2659 1630 nolentes,
2702 1579 2821 1620 non
2864 1559 3047 1621 modo

816 1681 986 1732 zom,
1139 1681 1362 1722 cessere
1401 1658 1699 1730 Sardinia,
1742 1657 1845 1719 sed
1878 1659 2082 1731 etiam,
2128 1656 2562 1740 postulantibus
2601 1655 2923 1729 Romanis,
2964 1656 3047 1719 ad

815 1778 996 1846 Polyb.
1142 1759 1392 1841 priorem
1437 1776 1725 1817 summam
1750 1755 2095 1838 adjecerunt
2118 1755 2343 1835 argenti
2380 1753 2605 1817 talenta
2630 1754 2791 1817 mille
2818 1753 3045 1816 ducen-

843 1867 1114 1936 Polybau.
1139 1865 1205 1916 ta
1227 1860 1282 1916 :⁸
1320 1875 1456 1936 quae
1487 1855 1749 1915 maxime
1787 1854 2004 1934 injuria
2044 1873 2229 1933 aegros
2268 1853 2541 1912 habuisse
2587 1851 3047 1932 Carthaginien·

810 1937 926 2050 {⁴⁴3-
943 2003 1116 2051 um·
1138 1953 1291 2014 sium
1316 1951 1566 2024 animos,
1595 1972 1787 2032 neque
1816 1950 1944 2012 ulla
1966 1951 2153 2032 magis
2175 1970 2357 2011 causa
2379 1949 2605 2010 bellum
2632 1969 2775 2010 mox
2796 1949 3047 2012 Hanni-

1141 2049 1402 2110 balicum
1426 2049 1713 2110 exarsisse
1740 2048 2015 2109 creditur.
2101 2046 2469 2108 Hamilcaris
2498 2047 2654 2107 enim
2696 2056 3049 2130 perpetuum

811 2147 1115 2268 m
1138 2146 1424 2305 33:¹3:
1451 2144 3045 2326 mmmmm

1137 2360 1322 2412 orem,
1350 2349 1455 2400 aut
1476 2339 1801 2401 fomentum
1826 2341 2042 2402 certius
2066 2341 2291 2402 habuit.
2375 2338 2657 2401 Ceterum
2681 2341 2811 2402 haec
2836 2351 3047 2423 postea

1137 2445 1480 2498 evenerunt.

811 2545 982 2598 Zomt.
1217 2541 1278 2600 ¹7.
1319 2534 1472 2596 'rum
1497 2554 1638 2596 vero
1666 2535 1833 2596 novis
1855 2534 2196 2596 consulibus
2222 2535 2295 2598 L.
2327 2533 2612 2596 Cornelio
2635 2535 2706 2597 L.
2726 2535 2799 2597 F.
2818 2535 2919 2601 Ti.
2944 2535 3041 2600 N.

1139 2632 1393 2695 Lentulo
1420 2632 1720 2706 Caudino,
1749 2632 1833 2700 Q.
1864 2632 2079 2695 Fulvio
2105 2633 2200 2694 M.
2230 2633 2303 2697 F.
2337 2633 2421 2701 Q.
2450 2632 2542 2695 N.
2571 2634 2847 2709 Flacco,¹¹
2867 2635 3045 2697 Galli

809 2745 1115 2801 venenam
1139 2730 1466 2813 Cispadani
1489 2731 1795 2813 provincia
1816 2730 1981 2792 data.
2065 2730 2381 2792 Coloniam
2406 2732 2519 2792 hoc
2540 2752 2695 2793 anno
2717 2732 3045 2796 deductam

1132 2848 1261 2890 esse
1288 2827 1661 2901 Valentiam,
1690 2848 2030 2909 quanquam
2064 2850 2105 2890 a
2143 2828 2495 2910 quibusdam
2540 2828 2811 2903 traditur,
2837 2832 3035 2894 haud-

1133 2946 1432 3009 quaquam
1465 2934 1741 2987 constans
1764 2927 1966 3007 opinio
1996 2935 2126 2987 est:
2170 2926 2280 2987 nisi
2322 2926 2448 2987 alia
2486 2926 2781 2989 Valentia
2820 2940 3040 3010 praeter

831 3038 1112 3093 Linxxxv.
1135 3023 1436 3085 Vibonem
1459 3022 1596 3094 fuit,
1628 3042 1811 3104 quam
1834 3023 2005 3084 annis
2039 3033 2174 3106 post
2195 3024 2649 3105 quinquaginta,
2683 3025 2756 3088 L.
2785 3026 3042 3094 Quintio

805 3109 891 3156 ⁴⁰·
1136 3120 1497 3192 Flaminino,
1541 3118 1657 3180 Cn.
1705 3118 1975 3181 Domitio
2020 3121 2365 3183 AEnobarbo
2404 3122 2764 3195 consulibus,
2810 3124 3044 3186 colonis

751 3247 756 3251 ·
807 3233 976 3287 zon-s.
1132 3227 1486 3300 occupatam
1511 3238 1638 3279 esse
1664 3218 2011 3280 certioribus
2042 3219 2380 3281 auctoribus
2404 3219 2665 3281 credam.
2752 3220 3039 3285 ceterum

1131 3314 1471 3377 consulibus
1495 3315 1556 3375 in
1582 3334 1726 3395 agro
1752 3313 2020 3389 Gallico,
2045 3316 2237 3379 donec
2260 3319 2393 3398 conj
2402 3326 2611 3379 unctas
2636 3317 2897 3399 legiones
2930 3321 3043 3382 ha·

1131 3412 1331 3485 buere,
1359 3421 1490 3474 tuta
1513 3421 1576 3473 et
1598 3432 1877 3494 prospera
1900 3413 2203 3495 expeditio
2232 3412 2381 3476 fuit:
2424 3422 2734 3497 postquam
2762 3416 3043 3498 cupidine

1129 3510 1304 3591 plura
1321 3508 1595 3571 vastandi
1619 3509 1945 3571 diviserunt
1959 3511 2306 3584 exercitum,
2327 3510 2411 3578 Q.
2432 3510 2629 3572 Fulvii
2643 3521 2841 3575 castra
2860 3524 3040 3577 noctu

1129 3614 1494 3689 oppugnata,
1521 3616 1586 3667 et
1609 3626 1763 3687 aegre
1782 3616 2011 3669 retenta
2038 3617 2193 3669 sunt.
2256 3607 2426 3669 Galli
2442 3629 2505 3669 re
2530 3609 2752 3671 infecta
2769 3610 3041 3691 digressi,

1130 3703 1311 3787 paulo
1335 3714 1470 3787 post
1489 3706 1757 3785 graviore
1776 3726 1911 3766 cum
1936 3714 2153 3767 terrore
2180 3706 2485 3787 auctisque
2512 3709 2799 3788 majorem
2818 3710 2880 3769 in
2906 3730 3041 3773 mo-

1130 3800 1272 3862 dum
1297 3802 1484 3884 copiis
1508 3800 1587 3862 ad
1614 3801 1840 3863 bellum
1866 3812 2247 3865 reverterunt.
2332 3802 2617 3865 Boiorum
2642 3804 2799 3867 enim
2834 3805 3040 3884 duces,

836 3919 1010 3987 Polyb.
1045 3934 1110 3970 u.
1129 3896 1464 3960 clanculum
1501 3899 1654 3961 inter
1677 3920 1741 3961 ss
1780 3900 2041 3961 consiliis
2076 3902 2335 3982 agitatis,
2362 3902 2661 3982 ingentem
2685 3902 3033 3989 Transalpi-

805 3991 889 4039 21.
1129 4016 1338 4057 norum
1378 4016 1618 4058 manum
1658 3996 1739 4059 ad
1778 3997 2119 4061 societatem
2154 4018 2446 4061 armorum
2486 4008 2696 4063 contra
2720 4000 3034 4066 Romanos

1125 4206 1184 4259 s.
1207 4140 1456 4287 aar?
1469 4141 2052 4273 mmm-³
2122 4144 3042 4267 anans-:eanssazz

1127 4274 1297 4338 qualia
1319 4286 1384 4323 ea
1417 4288 1536 4339 qun
1570 4273 1626 4323 in
1660 4274 2048 4325 conditionibus
2119 4280 2299 4327 Ὶδθοο.
2334 4276 2477 4327 Creo.

1127 4339 1274 4403 pacis
1293 4338 1526 4403 pendere
1538 4338 1677 4403 jussi
1698 4338 1907 4391 fueraut
1924 4340 2048 4391 Poe·
2180 4348 2210 4375 ¹·
2243 4341 2308 4393 A.
2334 4340 2401 4393 U.
2422 4342 2485 4397 C.
2508 4348 2627 4396 ⁵1⁵.
2663 4342 2732 4397 A.
2756 4344 2818 4397 C.
2839 4348 2959 4397 2⁸⁷.

1131 4404 1204 4463 ni,
1227 4402 1357 4458 fient
1377 4418 1445 4457 ex
1467 4404 1560 4456 illa
1581 4420 1739 4472 quam
1760 4420 1918 4472 supra
1938 4412 2045 4457 sta-
