3300 5225
824 490 999 557 17⁵4
1751 508 1825 559 τ.
1877 508 2066 557 mvn

825 653 1055 721 adorta
1083 658 1449 740 tempestas
1485 659 1609 734 est,
1655 661 1734 721 ut
1765 652 2044 741 Alpium
2083 654 2462 723 foeditatem
2503 674 2712 741 prope
2749 674 3025 741 supera-

822 758 1025 824 verit.
1080 756 1309 825 Vento
1328 758 1587 824 mixtus
1614 761 1830 826 imber
1855 780 2010 826 cum
2031 757 2313 826 ferretur
2335 762 2408 825 in
2429 760 2582 845 ipsa
2605 778 2747 839 ora,
2777 762 3022 844 primo,

822 862 985 947 quia
1014 865 1134 928 aut
1160 881 1344 928 arma
1374 862 1738 929 omittenda
1769 869 1980 942 erant,
2009 871 2132 928 aut
2159 870 2390 929 contra
2417 864 2740 929 enitentes
2763 864 3025 929 vortice

820 965 1045 1031 intorti
1096 964 1593 1049 affligebantnr‚⁸
1644 968 2050 1033 constitere:
2096 966 2276 1045 dein,
2327 985 2480 1032 cum
2513 966 2662 1052 jam
2709 966 3024 1050 spiritum

818 1067 1246 1147 includeret,⁸
1272 1088 1400 1134 nec
1420 1066 1832 1155 reciprocare
1860 1070 2148 1135 animam
2165 1081 2189 1109 ⁶
2219 1069 2486 1148 sineret,
2517 1071 2732 1135 aversi
2756 1089 2800 1134 a
2819 1074 3022 1135 vento

818 1190 1181 1259 parumper
1208 1171 1598 1238 consedere.
1685 1174 1858 1239 Tum
1891 1193 2048 1239 vero
2093 1173 2337 1257 ingenti
2367 1191 2538 1238 sono
2567 1171 2820 1238 coelum
2849 1180 3024 1237 stre-

820 1296 1002 1360 pere,
1046 1284 1119 1342 et
1154 1276 1323 1341 inter
1348 1275 1724 1341 horrendos
1770 1276 2062 1359 fragores
2091 1276 2344 1341 micare
2375 1276 2579 1359 ignes.
2667 1274 2874 1359 Capti
2903 1294 3024 1340 au-

816 1380 1003 1445 ribus
1030 1387 1103 1445 et
1129 1379 1353 1447 oculis
1375 1385 1557 1446 metu
1578 1400 1807 1446 omnes
1833 1388 2119 1465 torpere.
2186 1378 2512 1457 Tandem,
2543 1378 2760 1445 effuso
2785 1379 3022 1457 imbre,

819 1502 972 1549 cum
1003 1503 1088 1549 eo
1116 1484 1327 1566 magis
1356 1502 1643 1549 accensa
1673 1483 1780 1549 vis
1811 1476 1990 1550 venti
2029 1490 2232 1562 esset,
2277 1483 2434 1568 ipso
2458 1482 2600 1560 illo,
2629 1502 2764 1568 quo
2787 1482 3024 1568 depre-

816 1586 1003 1652 hensi
1032 1592 1243 1667 erant,
1272 1586 1429 1653 loco
1461 1594 1688 1652 castra
1716 1606 1966 1672 ponere
1992 1586 2442 1652 necessarium
2468 1585 2688 1651 visum
2715 1590 2844 1651 est.
2933 1584 3021 1651 Id

816 1708 981 1755 vero
1009 1690 1261 1756 laboris
1286 1691 1469 1757 velut
1487 1688 1573 1755 de
1608 1690 1863 1773 integro
1893 1690 2156 1756 initium
2195 1690 2344 1755 fuit.
2436 1688 2619 1755 Nam
2643 1708 2768 1755 nec
2795 1688 3024 1773 expli-

817 1806 969 1854 care
996 1790 1384 1874 quicquam,
1414 1810 1538 1853 nec
1568 1796 1872 1855 statuere
1899 1795 2248 1874 poterant3
2293 1808 2441 1867 nec,
2476 1787 2656 1874 quod
2689 1793 3020 1855 statutum

816 1900 1022 1971 esset,
1050 1893 1421 1970 manebat:¹
1458 1892 1685 1957 omnia
1711 1890 2176 1976 perscindente
2205 1899 2406 1957 vento
2439 1900 2509 1957 et
2535 1893 2857 1977 rapiente.
2931 1888 3022 1955 Et

815 2015 980 2062 mox
1014 2015 1196 2080 aqua
1232 1996 1457 2062 levata
1494 2000 1725 2074 vento,
1769 2014 1922 2060 cum
1963 2014 2164 2079 super
2200 1994 2422 2077 gelida
2457 1995 2780 2060 montium
2801 1994 3016 2079 juga⁸

816 2108 1135 2165 concreta
1171 2104 1399 2179 esset:
1440 2105 1696 2165 tantum
1743 2099 2004 2165 nivosae
2043 2097 2384 2181 grandinis
2421 2098 2692 2183 dejecit,
2736 2104 2838 2179 ut,
2877 2117 3020 2163 om-

812 2202 1015 2273 nibus
1070 2202 1363 2282 omissiS,
1431 2202 1948 2288 procumberent
2018 2202 2348 2281 homines,
2419 2201 2818 2285 tegminibus
2874 2203 3018 2267 suis

813 2306 1024 2390 magis
1053 2306 1295 2381 obruti,
1338 2326 1545 2390 quam
1574 2306 1752 2371 tecti.
1841 2306 2198 2390 Tantaque
2245 2306 2350 2371 vis
2395 2305 2658 2388 frigoris
2708 2304 3018 2371 insecuta

814 2414 940 2487 est,
980 2414 1078 2488 ut,
1120 2428 1211 2473 ex
1250 2408 1364 2475 illa
1403 2408 1772 2475 miserabili
1811 2409 2158 2475 hominum
2185 2408 2764 2494 jumentorumque
2795 2414 3017 2493 strage

816 2532 969 2578 cum
1012 2504 1405 2597 se'quisque
1449 2510 1808 2578 attollere4
1855 2513 2212 2578 aclevare
2249 2512 2472 2587 vellet,
2524 2510 2642 2579 diu
2683 2513 3018 2599 nequiret,

814 2617 998 2702 qnia,
1042 2620 1461 2703 torpentibus
1490 2618 1704 2702 rigore
1741 2619 1982 2696 nervis,
2017 2617 2136 2684 vix
2165 2617 2427 2682 flectere
2455 2623 2642 2683 artus
2673 2625 3015 2702 poterant.

814 2719 1105 2800 Deinde,
1149 2728 1218 2788 ut
1266 2720 1529 2786 tandem
1560 2720 1880 2803 agitando
1911 2741 2058 2786 sese
2089 2737 2358 2786 movere
2389 2741 2470 2786 ac
2511 2741 2826 2805 recepere
2869 2720 3017 2786 ani·

812 2842 986 2904 moS,
1015 2831 1083 2890 et
1109 2825 1275 2890 raris
1302 2823 1476 2890 locis
1506 2824 1684 2907 ignis
1717 2823 1862 2890 fieri
1892 2832 1995 2890 est
2037 2833 2330 2910 coeptus,
2377 2825 2464 2891 ad
2495 2825 2784 2891 alienam
2817 2844 3016 2910 opem

814 2927 1103 3012 quisque
1151 2929 1345 3012 inops
1398 2926 1686 2991 tendere.
1773 2926 2072 2992 Biduum
2123 2947 2210 2992 eo
2254 2927 2435 3007 loco,
2485 2928 2674 2993 velut
2725 2928 3014 3006 obsessi,

812 3049 1135 3096 mansere.
1226 3029 1429 3095 Multi
1454 3029 1785 3109 homineS,
1811 3031 2024 3096 multa
2039 3029 2365 3114 jumenta,
2391 3031 2718 3115 elephanti
2743 3050 3015 3116 quoque

813 3151 901 3198 ex
931 3133 1056 3211 bie,
1084 3133 1202 3218 qui
1232 3133 1469 3218 proelio
1520 3131 1607 3198 ad
1654 3131 1968 3198 Trebiam
2015 3133 2194 3199 facto
2234 3133 2712 3218 superfuerant,
2753 3142 3015 3218 septem

812 3236 1130 3302 absumti.

898 3338 1007 3405 59.
1069 3339 1439 3426 Degressus
1491 3337 1857 3424 Apennino
1906 3345 2081 3404 retro
2154 3338 2242 3404 ad
2307 3337 2734 3405 Placentiam
2793 3346 3017 3406 castra

813 3442 1052 3523 movit,
1098 3451 1169 3510 et
1199 3443 1285 3509 ad
1316 3443 1546 3509 decem
1593 3441 1812 3509 millia
1861 3461 2264 3527 progressus
2315 3443 2641 3508 consedit.
2733 3443 3017 3508 Postero

877 3662 901 3697 ὗ
940 3663 1047 3722 Vel,
1080 3664 1125 3715 si
1151 3664 1423 3716 niterentu-
1452 3667 1678 3716 adventu
1708 3669 1920 3730 ventum,
1949 3669 2053 3713 tuno
2081 3663 2356 3714 mummi
2384 3668 2435 3714 et
2461 3664 2598 3730 quasi
2618 3663 2770 3712 rotari
2805 3661 3017 3726 turbine,

810 3730 1246 3794 prosternebantur.

876 3803 900 3830 ὲ
929 3795 1113 3846 Aaron
1132 3795 1341 3860 accipere
1360 3800 1501 3860 atque
1520 3795 1724 3846 halitum
1744 3794 2004 3846 mittere.

878 3857 905 3895 ὅ
938 3857 1235 3912 lachanna...
1265 3863 1415 3911 denuo
1441 3861 1547 3922 suit
1584 3862 1734 3924 labor,
1767 3877 1872 3911 cum
1903 3876 1998 3910 non
2019 3866 2200 3924 pauent
2223 3859 2434 3911 evolvere
2453 3859 2770 3910 instrumenta
2793 3860 2910 3917 nlla,
2931 3875 3018 3910 nec

814 3927 1215 3992 tentorraflgm:
1248 3927 1363 3991 quin
1383 3933 1451 3986 et,
1470 3926 1515 3976 ai
1535 3927 1762 3992 φημι
1782 3931 1937 3982 θωπί,
1957 3941 2117 3977 emm
2138 3925 2262 3975 nibil
2281 3925 2366 3974 dia
2384 3929 2515 3975 stare
2532 3931 2738 3988 maeret.

877 3999 899 4026 θ
935 3993 1059 4042 cm
1085 4008 1208 4056 equa
1234 3994 1283 4042 vi
1309 3991 1441 4041 venti
1474 3991 1636 4041 rarior
1663 3997 1712 4042 et
1737 3993 1886 4042 leuior
1903 3993 2062 4053 suctu,
2093 3996 2142 4041 et
2169 3991 2296 4042 elatu
2323 4005 2469 4056 supra
2496 3991 2763 4054 ingentium
2785 3989 3018 4041 mustum

812 4057 1031 4123 vertices,
1051 4058 1105 4107 in
1119 4058 1325 4122 glaciem
1343 4062 1466 4108 erret
1488 4056 1736 4108 indurata.

1729 4233 2096 4259 OM

814 4353 1233 4471 ssffissff'q
1258 4353 1601 4409 Inter-eluderet
1622 4354 1757 4408 Edd.
1775 4371 1954 4410 omnes
1977 4365 2097 4409 ante
2123 4354 2385 4408 vraks—s
2413 4351 2495 4405 ΔΙ.
2509 4352 2872 4404 menmium—4
2893 4351 3020 4406 Put.
