3300 5225
739 487 914 553 1816

738 645 1053 729 enniique
1094 642 1322 709 clades
1359 654 1479 727 per
1508 641 1940 709 temeritatem
1986 646 2190 725 atque
2233 642 2652 710 inscientiam
2670 652 2722 693 ¹⁵
2746 654 2774 681 ⁸
2818 646 2943 713 du-

740 766 893 813 cum
925 750 1247 828 acceptas
1269 740 1605 808 referretzb
1628 748 1649 777 ‘
1675 743 2132 828 magistroque
2153 744 2475 827 equitum,
2505 746 2685 829 quod
2705 756 2946 813 contra

739 847 997 914 dictam
1017 845 1071 886 ¹⁶
1109 864 1303 910 suum
1334 850 1730 929 pugnasset,
1759 844 2092 909 rationem
2115 841 2132 870 '
2175 844 2428 910 diceret
2472 850 2494 880 ‘
2525 848 2944 915 reddendam

738 971 917 1017 esse.
1010 950 1085 1015 Si
1136 969 1347 1032 penes
1408 968 1483 1013 se
1536 966 1804 1013 summa
1854 947 2117 1031 imperii
2165 949 2568 1031 consiliique
2617 951 2729 1029 sit,
2783 970 2946 1035 pro·

738 1052 1007 1137 pediem
1062 1050 1477 1131 effecturum,
1536 1042 1611 1117 ut
1663 1051 1884 1115 sciant
1937 1049 2269 1127 homineS‚
2323 1052 2502 1115 bono
2553 1053 2942 1135 imperatori

737 1154 918 1219 haud
955 1153 1178 1236 magni
1212 1153 1542 1217 fortunam
1571 1152 1892 1215 momenti
1923 1170 2112 1215 esse:
2157 1157 2434 1217 mentem
2481 1153 2944 1237 rationemque

738 1255 1089 1321 dominari.
1194 1255 1285 1320 Se
1332 1256 1401 1318 in
1456 1261 1756 1339 tempore
1781 1260 1831 1302 ¹⁷
1883 1260 1952 1317 et
2005 1252 2148 1317 sine
2205 1255 2573 1336 ignominia
2633 1274 2945 1321 servasse

738 1360 1125 1436 exercitum,
1181 1376 1386 1442 quam
1436 1356 1650 1421 multa
1700 1355 1920 1421 millia
1974 1354 2268 1420 hostium
2319 1356 2736 1435 occidisse,¹⁸
2797 1378 2944 1423 ma-

726 1462 944 1547 jorem
996 1460 1281 1544 gloriam
1324 1456 1522 1523 esse?
1624 1457 1854 1543 Hujus
1905 1458 2161 1540 generis
2223 1458 2652 1523 orationibus
2699 1458 2944 1525 frustra

738 1561 1014 1641 habitis,
1068 1570 1140 1628 et
1182 1562 1457 1628 consule
1509 1551 1734 1625 creato
1776 1561 1876 1625 M.
1917 1558 2132 1623 Atilio
2177 1559 2470 1643 Regulo,
2509 1580 2596 1624 ne
2636 1578 2943 1643 praesens

738 1666 823 1732 de
858 1667 1009 1753 jure
1046 1667 1309 1750 imperii
1350 1666 1721 1746 dimicaret,
1756 1665 1972 1749 pridie
2009 1683 2212 1749 quam
2253 1666 2616 1747 rogationis
2651 1666 2940 1732 serendae

740 1768 881 1833 dies
912 1769 1234 1843 adesset,⁴²
1268 1774 1469 1833 nocte
1508 1768 1596 1834 ad
1638 1767 2008 1833 exercitum
2049 1768 2240 1833 abiit.
2330 1768 2518 1833 Luce
2565 1775 2734 1847 orta,
2785 1788 2944 1833 cnm

736 1870 957 1954 plebis
1002 1869 1365 1935 concilium
1403 1876 1606 1948 esset,
1653 1869 1869 1951 magis
1911 1869 2118 1933 tacita
2155 1869 2411 1935 invidia
2453 1870 2804 1935 dictatoris
2845 1870 2942 1935 fa-

736 1989 995 2056 vorque
1024 1972 1321 2054 magistri
1368 1971 1660 2056 equitnm
1708 1970 1967 2036 animos
2010 1971 2344 2050 versabat,
2385 1992 2592 2056 quam
2623 1974 2796 2038 satis
2823 1992 2944 2039 au·-

1680 499 1746 548 T.
1795 498 1986 547 mvn

739 2073 990 2138 debant
1043 2072 1354 2138 homines
1414 2072 1504 2137 ad
1573 2072 2008 2151 suadendum,
2077 2072 2262 2158 quod
2329 2074 2530 2157 vulgo
2599 2074 2945 2159 placebat,

736 2174 1043 2259 prodire:
1088 2180 1179 2253 et,
1223 2176 1454 2241 favore
1494 2172 1902 2259 superante,‘¹
1949 2177 2318 2241 auctoritas
2355 2183 2578 2241 tamen
2613 2177 2944 2258 rogationi

738 2277 985 2341 deerat.
1108 2274 1297 2341 Unus
1358 2278 1666 2342 inventus
1725 2282 1832 2342 est
1898 2296 2138 2342 suasor
2207 2277 2382 2359 legis
2457 2278 2538 2343 C.
2595 2278 2944 2343 Terentius

710 2378 978 2457 ·Varro,
1020 2379 1136 2462 qui
1181 2379 1406 2463 priore
1452 2397 1626 2443 anno
1674 2383 1920 2460 praetor
1945 2378 2176 2456 suerat,
2204 2378 2358 2443 loco
2387 2399 2522 2444 non
2559 2380 2798 2444 humili
2827 2400 2944 2444 so·

732 2480 891 2557 lum,
922 2482 1041 2545 sed
1072 2481 1280 2546 etiam
1310 2479 1605 2559 sordido,
1635 2485 1844 2544 ortus.
1934 2475 2208 2547 Patrem
2245 2480 2546 2546 lanium⁸
2591 2482 2801 2548 fuisse
2845 2482 2938 2547 fe-

1646 2659 2020 2683 ‘nomn

734 2795 1089 2844 Baueroe-ls
1130 2793 1216 2843 Al.
1259 2793 1654 2844 inscitiam—16
1687 2791 1774 2844 Al.
1814 2795 2162 2846 edictum—l?
2197 2792 2284 2846 Al.
2325 2809 2378 2846 ae
2417 2811 2543 2846 mo
2585 2799 2940 2860 tempora—18

735 2855 876 2910 Add.
898 2861 1069 2910 ducem
1086 2859 1223 2909 Edd.
1244 2867 1369 2910 ante
1391 2858 1559 2910 Drak-

1719 2989 1946 3040 NOTAE

796 3091 823 3121 ⁸
856 3087 1014 3149 Atque
1048 3084 1372 3149 inscientiam]
1430 3085 1582 3136 Hune
1615 3101 1798 3138 vocem

732 3159 925 3211 liabent
960 3160 1194 3211 hocloco
1228 3162 1411 3225 scripti
1445 3178 1460 3212 e
1516 3177 1683 3228 eaque
1719 3163 1798 3214 nsi

734 3253 877 3300 ωερε
904 3237 1094 3288 Cicero
1115 3243 1171 3287 et
1195 3235 1389 3286 (ἴωσιν.

798 3314 823 3349 ²³
854 3315 1090 3379 Accepta
1126 3313 1351 3380 referret]
1385 3315 1443 3365 Si
1484 3320 1500 3344 ⁶
1524 3323 1797 3382 acceptum

734 3388 967 3440 referre'
1035 3390 1353 3455 conjunctim
1392 3390 1702 3456 accipiatur,
1739 3401 1800 3445 nt

732 3467 1039 3531 plerumque
1060 3464 1141 3530 fit,
1176 3481 1271 3530 pro
1304 3468 1583 3531 imputare,
1619 3468 1799 3534 legen-

733 3541 857 3592 dnm
880 3542 980 3592 erit
1001 3555 1067 3592 ex
1084 3541 1337 3592 Gronovii
1360 3546 1645 3606 sententia,
1665 3544 1797 3596 bien-

731 3617 895 3682 niique
929 3617 1087 3667 clades
1122 3617 1385 3668 temeritati
1417 3624 1560 3683 atque
1591 3620 1798 3670 inscitia

730 3697 947 3758 acceptas
999 3693 1219 3753 rdet-ret.
1308 3695 1527 3759 Verum,
1584 3696 1796 3760 quando

732 3771 902 3821 nullus
932 3771 1054 3820 hnic
1088 3771 1301 3821 lectioni
1332 3770 1481 3821 favet
1502 3772 1670 3822 codex
1710 3787 1798 3823 ve·

730 3853 836 3912 tus,
865 3845 1047 3898 licebit
1064 3845 1192 3897 illud
1209 3845 1409 3906 referret
1435 3847 1677 3912 accipere
1702 3863 1796 3911 pro

658 3927 661 3930 ’
732 3923 967 3986 diceret3
1002 3923 1595 3975 narrandoasreveraret
1617 3923 1796 3975 clades

731 4005 975 4063 acceptas
1001 3996 1159 4049 fuisse
1184 4014 1280 4063 per
1303 4001 1612 4065 imperitiam
1636 4009 1798 4067 atque

730 4075 1135 4140 Imprudentiam
1160 4076 1367 4127 ducum.

794 4160 817 4186 ⁰
851 4153 1008 4209 Quam
1028 4151 1295 4214 rogationis
1326 4152 1548 4214 serenda·
1578 4152 1681 4202 dies
1711 4153 1796 4202 ad-

730 4227 878 4292 emt]
916 4229 1257 4291 Rogationem
1306 4228 1561 4292 intelligit
1606 4229 1797 4280 Metilii

730 4303 925 4354 tribuni
948 4304 1136 4368 plebis,
1166 4303 1235 4355 de
1269 4304 1522 4371 equando
1558 4305 1797 4371 magistri

736 4382 971 4446 equitum
996 4389 1051 4431 et
1074 4381 1342 4432 dictatoris
1365 4381 1601 4448 imperio.

1945 3086 1970 3120 ἅ
2003 3087 2192 3137 Favere
2206 3085 2481 3150 manle]
2513 3085 2764 3136 Favorem
2789 3085 2942 3136 intel·

1879 3163 1984 3225 lige
2020 3161 2184 3225 plebis
2219 3162 2271 3211 in
2310 3162 2476 3225 legem
2509 3169 2694 3211 contra
2725 3162 2940 3212 Fabium

1877 3238 2165 3302 ferendam,
2209 3253 2327 3303 qum
2373 3238 2424 3287 in
2465 3239 2684 3301 gratiani
2720 3239 2943 3288 Minucii

1877 3315 2112 3380 magistri
2153 3315 2416 3380 equitum:
2452 3313 2544 3378 qui
2585 3311 2738 3363 favor
2777 3313 2942 3379 major

1877 3399 1993 3441 erat
2025 3404 2179 3456 quam
2223 3389 2290 3440 ad
2329 3388 2597 3441 ferendam
2632 3389 2804 3452 legem
2849 3405 2942 3440 ne-

1877 3481 2028 3518 cesse
2069 3474 2231 3530 esset,
2267 3466 2700 3518 concurrentibus
2733 3465 2944 3519 scilicet

1881 3545 2107 3594 omnium
2133 3557 2278 3606 paene
2303 3541 2584 3607 suffragiis.

1942 3629 1966 3655 θ
1999 3619 2197 3670 Patrem
2233 3618 2435 3684 cantum]
2469 3618 2638 3668 Plane
2659 3617 2713 3668 in
2737 3615 2942 3668 Grono-

1877 3696 1947 3745 vii
1979 3695 2290 3745 sententiam
2339 3695 2566 3745 eundum
2610 3707 2824 3752 censeo,
2865 3695 2942 3745 sie

1877 3771 2156 3822 scribentis
2199 3771 2336 3820 bunc
2370 3770 2579 3821 locarat
2631 3770 2830 3821 Patrem
2871 3771 2944 3820 la·

1875 3848 2170 3908 niumfin'coe
2184 3847 2357 3908 feriunt
2386 3848 2556 3911 ipsum
2575 3846 2801 3897 institere
2816 3861 2942 3897 mer·

1875 3923 2081 3990 cisfllio
2118 3925 2206 3974 hoc
2241 3924 2344 3987 ipro
2377 3923 2432 3974 in
2467 3923 2661 3974 cervilia
2695 3921 2943 3984 &martit

1877 4001 2141 4051 ministeria
2161 4015 2314 4050 mm.
2380 4000 2532 4053 Quod
2576 4007 2754 4050 autern
2789 4007 2942 4052 notat

1878 4077 2245 4137 Godelevaenn,
2266 4076 2385 4126 hinc
2407 4075 2554 4140 sequi
2573 4075 2833 4126 Romanos
2865 4075 2940 4126 ci-

1880 4153 2018 4202 vium
2055 4165 2271 4202 numero
2309 4165 2412 4202 non
2441 4151 2672 4202 arcuisse
2704 4166 2814 4209 eos,
2845 4151 2940 4218 qui

1877 4226 2109 4278 sordida·
2175 4234 2318 4279 artes
2377 4234 2688 4293 tractarent,
2752 4234 2940 4280 contra

1875 4317 2029 4369 qnam
2077 4303 2344 4368 scripserit
2383 4303 2705 4368 Dionysiu03
2764 4317 2937 4368 neque

1876 4380 2111 4432 absolute
2131 4381 2253 4431 hinc
2287 4382 2518 4446 colligas,
2549 4395 2664 4432 cnm
2701 4382 2935 4446 potuerit
