3300 5225
968 461 1116 511 un.
1162 419 1409 512 nrm.
1451 465 1621 514 car.
1662 451 1772 518 4⁰.
2295 452 2474 522 1963
2543 425 2546 428 ⁹

278 609 573 686 augeret.
656 601 873 670 Filius
900 603 1073 690 ejus,
1098 607 1365 672 nomine
1394 607 1647 676 Hiostu
1655 631 1715 687 e,
1745 610 1986 676 castris
2013 617 2337 696 proeerat:
2379 613 2470 694 is,

276 706 731 774 adolescentia
770 707 988 786 ferox,
1032 715 1275 776 temere
1317 713 1553 797 proelio
1582 714 1754 780 inito
1797 715 1996 780 fusus
2039 715 2466 802 fugatusque.

280 809 395 876 Ad
428 809 558 876 tria
584 811 795 876 millia
824 811 1189 879 Sardorum
1218 833 1303 879 eo
1332 815 1570 900 praelio
1598 835 1806 895 caesa,
1835 819 2200 901 octingenti
2217 826 2239 860 ⁵
2270 819 2476 885 ferme
2573 821 2576 824 ’

278 914 423 980 vivi
472 914 679 998 capti.
785 912 987 980 Alius
1032 919 1369 983 exercitus
1421 919 1641 1001 primo
1690 938 1814 1003 per
1855 939 2054 1002 agros
2105 921 2476 1006 sylvasque

277 1017 439 1099 fuga
468 1015 779 1100 palatus3
809 1014 985 1094 dein,
1012 1036 1151 1103 qno
1178 1017 1411 1085 ducem
1441 1018 1694 1102 fugisse
1717 1020 1902 1087 sama
1932 1030 2100 1102 erat,
2123 1023 2213 1088 ad
2241 1025 2476 1090 urbem

278 1117 547 1182 nomine
576 1115 917 1196 Cornum,‘¹
948 1127 1161 1203 caput
1202 1120 1351 1204 ejus
1390 1121 1706 1204 regionis,
1753 1123 2067 1207 confugit.
2157 1125 2475 1192 Debella-

280 1227 563 1304 tumque
589 1238 671 1288 eo
711 1221 949 1305 praelio
976 1222 1049 1286 in
1076 1221 1385 1288 Sardinia
1414 1229 1621 1301 esset,
1650 1223 1722 1288 ni
1749 1222 1992 1291 classis
2020 1226 2292 1293 Punica
2319 1247 2478 1295 cum

282 1322 459 1388 duce
510 1321 967 1402 Hasdrubale,
1016 1343 1173 1409 quae
1228 1330 1635 1412 tempestate
1685 1325 1950 1412 dejecta
2011 1327 2102 1394 ad
2167 1329 2478 1396 Baliares

292 1430 460 1504 erat,
489 1426 561 1490 in
589 1431 887 1511 tempore
918 1427 1005 1492 ad
1032 1447 1227 1512 spem
1256 1427 1621 1494 rebellandi
1653 1428 2065 1497 advenisset.
2154 1429 2484 1512 Manlius,

282 1535 451 1612 post
496 1527 751 1596 famam
795 1531 1104 1615 appulsae
1152 1531 1433 1596 Punica}
1482 1531 1744 1607 classis,
1795 1529 2078 1598 Carales
2107 1553 2184 1598 se
2213 1537 2482 1620 recepit.

287 1629 393 1696 Ea
430 1633 703 1698 occasio
742 1631 1216 1716 Hampsicoroe
1258 1632 1423 1699 data
1470 1633 1691 1700 Poeno
1733 1653 1806 1700 se
1852 1633 2202 1719 jungendi.
2291 1636 2480 1703 Has-

286 1735 549 1814 drubal,
578 1735 801 1818 copiis
852 1735 923 1799 in
966 1743 1209 1802 terram
1243 1737 1598 1820 expositis,
1626 1744 1694 1802 et
1731 1736 1956 1803 classe
1997 1739 2280 1806 remissa
2319 1738 2482 1804 Gar-

280 1839 642 1922 maginem,
686 1837 857 1902 duce
888 1835 1347 1924 Hampsicora
1390 1839 1479 1904 ad
1526 1839 1870 1905 sociorum
1903 1839 2140 1924 populi
2181 1839 2482 1907 Romani

286 1959 521 2024 agrum
566 1939 1035 2025 populandum
1097 1940 1457 2025 profectus,
1500 1941 1778 2007 Carales
1825 1949 2273 2026 perventurus·
2307 1952 2484 2022 erat,

286 2043 357 2108 ni
415 2040 721 2108 Manlius
784 2044 989 2109 obvio
1044 2043 1347 2109 exercitu
1408 2044 1498 2109 ab
1564 2042 1780 2109 effusa
1837 2063 1990 2110 eum
2045 2047 2486 2131 populatione

288 2144 759 2244 continuisset.
843 2145 1073 2211 Primo
1104 2151 1332 2212 castra.
1355 2147 1591 2212 castris
1630 2145 1899 2212 modico
1935 2147 2292 2214 intervallo
2326 2155 2490 2216 sunt

288 2247 579 2334 objecta,
623 2247 867 2313 deinde
922 2249 1459 2332 procursationes
1516 2247 1828 2334 leviaque
1873 2251 2241 2316 certamina
2296 2253 2488 2319 vario

288 2357 529 2418 eventu
574 2350 773 2415 inita:
816 2355 1155 2435 postremo
1180 2350 1575 2416 descensum
1604 2351 1678 2415 in
1707 2352 1942 2432 aciem,
1973 2353 2310 2438 signisque
2343 2355 2490 2420 col-

288 2453 475 2530 latis,
509 2447 709 2537 justo*
727 2451 963 2537 praelio
996 2472 1116 2537 per
1142 2458 1431 2539 quatuor
1454 2452 1660 2519 horas
1688 2460 2078 2538 pugnatum.
2151 2455 2292 2521 Diu
2323 2476 2496 2541 pug-

288 2575 446 2623 nam
498 2555 861 2640 ancipitem
909 2555 1137 2634 Poeni,
1178 2553 1419 2622 Sardis
1456 2555 1660 2623 facile
1713 2557 1896 2623 vinci
1939 2558 2256 2639 assuetis,
2305 2558 2492 2626 fece-

290 2664 489 2725 runt:
532 2664 875 2742 postremo
925 2664 997 2723 et
1044 2659 1205 2744 ipsi,
1254 2678 1407 2725 cum
1454 2659 1685 2726 omnia
1723 2660 1906 2726 circa
1949 2669 2172 2743 strage
2209 2680 2292 2727 ac
2328 2661 2492 2745 fuga

292 2760 661 2829 Sardorum
697 2759 960 2847 repleta
1000 2766 1249 2841 esseut,
1285 2761 1437 2828 fusi.
1525 2760 1835 2829 Ceterum
1867 2770 2057 2848 terga
2087 2762 2344 2844 dantes,
2365 2766 2494 2831 cir-

1274 2924 1572 2949 ‘mum‘

294 3040 375 3076 aui
359 3024 404 3076 t
433 3030 884 3090 meterem—8
918 3026 1006 3079 Al.
1045 3027 1241 3081 enlm-es
1240 3033 1351 3079 .—4
1386 3030 1459 3079 Pe
1458 3030 1600 3079 uide·
1626 3026 1763 3079 Edd.
1804 3032 1930 3077 ante
1967 3026 2229 3078 Drak.—5
2267 3024 2499 3089 Triginta

296 3090 455 3142 udaia
476 3108 647 3144 .....
646 3106 761 3151 aaa,
800 3093 931 3143 anille
967 3095 1169 3145 ereum
1202 3094 1337 3146 Edd.
1360 3102 1481 3145 ante
1504 3095 1720 3147 Gruter·
1753 3092 1843 3159 qui
1881 3106 1978 3158 pro
2013 3092 2226 3183 triginta
2261 3092 2498 3158 reposuit

1280 3242 1497 3295 NOTAE

294 3339 313 3369 ‘
335 3355 489 3407 quem
528 3355 761 3407 purpura
790 3342 981 3408 regalis
1009 3356 1113 3393 non
1134 3355 1359 3393 commo-
1436 3338 1688 3405 oppidum
1737 3346 1898 3405 capnt
1950 3338 2254 3391 Pellitornm
2307 3335 2498 3389 Sardo·

295 3417 397 3481 vit,
424 3430 541 3467 enm
576 3417 855 3469 Sardorum
890 3426 1153 3469 mastruca
1190 3427 1359 3469 muta-
1436 3433 1569 3476 run,
1605 3433 1822 3483 quornm
1859 3433 1981 3484 pars
2021 3416 2294 3469 Coruensii
2330 3414 2397 3466 ab
2431 3428 2497 3466 eo

298 3492 417 3544 vit!
481 3492 589 3543 Sed
624 3501 679 3544 et
699 3494 1022 3545 Germanica!
1046 3500 1231 3559 gentes
1252 3508 1357 3544 uon
1436 3494 1585 3559 dicti,
1618 3494 1708 3561 qui
1741 3502 1798 3545 et
1833 3494 2127 3545 AEchilensii
2150 3493 2292 3559 apud
2314 3492 2496 3544 Ptole-

298 3568 524 3621 abeimili
546 3570 971 3622 vestimentorum
1004 3586 1195 3636 genere
1220 3586 1321 3621 uae
1338 3586 1355 3621 ε
1435 3584 1645 3632 meum,
1667 3584 1817 3635 aquo
1835 3579 2137 3622 numeratur
2157 3570 2298 3621 inter
2317 3569 2498 3621 civita·

296 3646 442 3699 unde
463 3646 601 3712 apud
620 3647 796 3712 Sigon.
813 3649 913 3714 Ep.
934 3653 984 3699 2.
1006 3649 1097 3699 lib.
1121 3662 1163 3699 r.
1192 3648 1357 3699 Theo·
1438 3652 1519 3697 tea
1540 3644 1950 3697 mediterraneas
1971 3662 2076 3698 nna
2091 3661 2206 3697 cum
2232 3646 2390 3707 Bosa,
2417 3645 2500 3694 in·

297 3724 467 3775 dorici
516 3723 809 3775 Gothorum
851 3724 989 3789 regis
1035 3725 1215 3777 sellam
1257 3726 1356 3776 cir·
1436 3722 1698 3784 terpositis
1715 3722 2080 3785 Menomenis,
2097 3720 2150 3771 id
2171 3728 2254 3772 est
2272 3720 2497 3783 Insania,

297 3800 564 3853 eumaistit
592 3801 935 3852 ‘Pellitorum
972 3800 1125 3851 turba
1162 3800 1355 3852 satelli-
1438 3796 1719 3847 montibus.
1783 3798 2008 3847 Ponitur
2039 3804 2097 3847 et
2131 3794 2199 3846 ab
2231 3794 2499 3845 Antonino

296 3877 453 3929 tum.’
536 3878 796 3928 Videntur
847 3886 1017 3929 autem
1071 3879 1361 3929 Pellitur-mn
1436 3874 1578 3925 inter
1613 3875 1804 3925 Bonam
1838 3880 1896 3925 et
1931 3874 2175 3925 Tharros.
2235 3874 2374 3924 Sunt
2405 3871 2500 3939 qni

296 3954 607 4020 cognomine
628 3956 664 4005 ii
690 3955 979 4019 presertim
1008 3954 1145 4005 inter
1163 3956 1359 4007 Sardoa
1438 3950 1550 4016 ejus
1570 3948 1794 4000 nomini·
1821 3948 2122 3999 memoriam
2142 3955 2330 4013 putant
2351 3955 2500 3999 exta-

298 4034 583 4097 deaignati,
614 4034 702 4099 qui
743 4032 1129 4084 mediterranea
1172 4034 1359 4085 insula
1442 4042 1499 4079 re
1537 4028 1591 4077 in
1628 4028 1763 4090 10⁰⁰,
1801 4026 1889 4091 qui
1923 4039 2062 4077 nune
2099 4025 2254 4089 vulgo
2292 4026 2502 4077 Corneto

296 4106 617 4173 incolebant,
646 4114 921 4175 vestesque
941 4122 972 4159 e
999 4109 1218 4174 pellibus
1240 4112 1359 4176 plu·
1442 4110 1676 4167 vocatur,
1709 4116 1809 4154 nee
1846 4104 2002 4153 sitnm
2033 4104 2192 4167 plane
2219 4101 2502 4153 abhorrere

300 4186 495 4239 ceteris
516 4183 1013 4249 affectabant,eirea
1030 4186 1253 4238 Cornum
1274 4202 1361 4237 ur·
1440 4178 1714 4233 Cluverius
1751 4187 1952 4231 censet.
2017 4178 2134 4230 Nic.
2177 4179 2344 4231 Sanco
2379 4176 2502 4231 aaut

302 4262 449 4314 bem.
1438 4260 1832 4325 iuterpretatur.

366 4338 393 4375 δ
434 4337 613 4389 Urbem
645 4339 833 4391 aoeaiae
872 4338 1111 4403 Coras-n]
1159 4340 1361 4391 Cornus
