<?xml version="1.0" encoding="UTF-8"?>
<!DOCTYPE html PUBLIC "-//W3C//DTD XHTML 1.0 Transitional//EN"
    "http://www.w3.org/TR/xhtml1/DTD/xhtml1-transitional.dtd">
<html xmlns="http://www.w3.org/1999/xhtml" xml:lang="en" lang="en">
 <head>
  <title>
</title>
<meta http-equiv="Content-Type" content="text/html;charset=utf-8" />
  <meta name='ocr-system' content='tesseract 3.04.00' />
  <meta name='ocr-capabilities' content='ocr_page ocr_carea ocr_par ocr_line ocrx_word'/>
</head>
<body>
  <div class='ocr_page' id='page_1' title='image "./tliviipatavinih19unkngoog_0074.png"; bbox 0 0 3300 5225; ppageno 0'>
   <div class='ocr_carea' id='block_1_1' title="bbox 868 425 2533 493">
    <p class='ocr_par' dir='ltr' id='par_1_1' title="bbox 868 425 2533 493">
     <span class='ocr_line' id='line_1_1' title="bbox 868 425 2533 493; baseline 0.001 -3"><span class='ocrx_word' id='word_1_1' title='bbox 868 437 1078 490; x_wconf 81' lang='lat' dir='ltr'><strong>unm</strong></span> <span class='ocrx_word' id='word_1_2' title='bbox 1126 437 1270 490; x_wconf 86' lang='lat' dir='ltr'><strong>xx.</strong></span> <span class='ocrx_word' id='word_1_3' title='bbox 1308 437 1955 492; x_wconf 69' lang='lat' dir='ltr'><strong>sarnanum-uu.</strong></span> <span class='ocrx_word' id='word_1_4' title='bbox 2358 425 2533 493; x_wconf 76' lang='lat'><strong>164⁷</strong></span> 
     </span>
    </p>
   </div>
   <div class='ocr_carea' id='block_1_2' title="bbox 297 579 2537 3945">
    <p class='ocr_par' dir='ltr' id='par_1_2' title="bbox 297 579 2209 858">
     <span class='ocr_line' id='line_1_2' title="bbox 297 579 2209 668; baseline 0.001 -24"><span class='ocrx_word' id='word_1_5' title='bbox 297 602 578 646; x_wconf 71' lang='lat' dir='ltr'><strong>censores</strong></span> <span class='ocrx_word' id='word_1_6' title='bbox 604 579 826 662; x_wconf 63' lang='lat' dir='ltr'><strong>legem</strong></span> <span class='ocrx_word' id='word_1_7' title='bbox 861 581 1162 644; x_wconf 78' lang='lat' dir='ltr'><strong>Metilium</strong></span> <span class='ocrx_word' id='word_1_8' title='bbox 1207 582 1284 646; x_wconf 85' lang='lat' dir='ltr'><strong>de</strong></span> <span class='ocrx_word' id='word_1_9' title='bbox 1321 583 1650 647; x_wconf 78' lang='lat' dir='ltr'><strong>fullonibus</strong></span> <span class='ocrx_word' id='word_1_10' title='bbox 1686 583 1765 646; x_wconf 84' lang='lat' dir='ltr'><strong>ad</strong></span> <span class='ocrx_word' id='word_1_11' title='bbox 1809 585 2091 668; x_wconf 88' lang='lat' dir='ltr'><strong>populum</strong></span> <span class='ocrx_word' id='word_1_12' title='bbox 2118 583 2209 646; x_wconf 70' lang='lat' dir='ltr'><strong>fe-&#39;</strong></span> 
     </span>
     <span class='ocr_line' id='line_1_3' title="bbox 298 678 2208 764; baseline 0.002 -24"><span class='ocrx_word' id='word_1_13' title='bbox 298 679 550 740; x_wconf 83' lang='lat' dir='ltr'><strong>rendam</strong></span> <span class='ocrx_word' id='word_1_14' title='bbox 574 678 832 740; x_wconf 84' lang='lat' dir='ltr'><strong>dedere:</strong></span> <span class='ocrx_word' id='word_1_15' title='bbox 875 701 950 741; x_wconf 89' lang='lat' dir='ltr'><strong>ne</strong></span> <span class='ocrx_word' id='word_1_16' title='bbox 975 682 1266 743; x_wconf 88' lang='lat' dir='ltr'><strong>minorum</strong></span> <span class='ocrx_word' id='word_1_17' title='bbox 1304 681 1543 764; x_wconf 87' lang='lat' dir='ltr'><strong>quidem</strong></span> <span class='ocrx_word' id='word_1_18' title='bbox 1583 701 1779 744; x_wconf 89' lang='lat' dir='ltr'><strong>rerum</strong></span> <span class='ocrx_word' id='word_1_19' title='bbox 1813 702 2017 744; x_wconf 85' lang='lat' dir='ltr'><strong>euram</strong></span> <span class='ocrx_word' id='word_1_20' title='bbox 2056 683 2208 743; x_wconf 89' lang='lat' dir='ltr'><strong>tanti</strong></span> 
     </span>
     <span class='ocr_line' id='line_1_4' title="bbox 299 775 1479 858; baseline 0.002 -20"><span class='ocrx_word' id='word_1_21' title='bbox 299 778 686 857; x_wconf 69' lang='lat' dir='ltr'><strong>magistratus</strong></span> <span class='ocrx_word' id='word_1_22' title='bbox 709 775 1008 858; x_wconf 79' lang='lat' dir='ltr'><strong>fastigium</strong></span> <span class='ocrx_word' id='word_1_23' title='bbox 1035 777 1319 838; x_wconf 84' lang='lat' dir='ltr'><strong>dedecere</strong></span> <span class='ocrx_word' id='word_1_24' title='bbox 1347 778 1479 840; x_wconf 82' lang='lat' dir='ltr'><strong>rati.</strong></span> 
     </span>
    </p>

    <p class='ocr_par' dir='ltr' id='par_1_3' title="bbox 297 873 2519 2701">
     <span class='ocr_line' id='line_1_5' title="bbox 377 873 2201 956; baseline 0.001 -22"><span class='ocrx_word' id='word_1_25' title='bbox 377 881 487 934; x_wconf 79' lang='lat'><strong>69.</strong></span> <span class='ocrx_word' id='word_1_26' title='bbox 529 873 662 934; x_wconf 91' lang='lat' dir='ltr'><strong>Per</strong></span> <span class='ocrx_word' id='word_1_27' title='bbox 701 873 860 935; x_wconf 90' lang='lat' dir='ltr'><strong>idem</strong></span> <span class='ocrx_word' id='word_1_28' title='bbox 883 883 1114 956; x_wconf 88' lang='lat' dir='ltr'><strong>tempus</strong></span> <span class='ocrx_word' id='word_1_29' title='bbox 1139 873 1487 956; x_wconf 83' lang='lat' dir='ltr'><strong>Illyriorum</strong></span> <span class='ocrx_word' id='word_1_30' title='bbox 1513 873 1759 937; x_wconf 89' lang='lat' dir='ltr'><strong>rebellio</strong></span> <span class='ocrx_word' id='word_1_31' title='bbox 1782 884 2051 936; x_wconf 82' lang='lat' dir='ltr'><strong>senatum</strong></span> <span class='ocrx_word' id='word_1_32' title='bbox 2076 895 2201 936; x_wconf 89' lang='lat' dir='ltr'><strong>mo-</strong></span> 
     </span>
     <span class='ocr_line' id='line_1_6' title="bbox 299 969 2535 1058; baseline 0 -26"><span class='ocrx_word' id='word_1_33' title='bbox 299 972 412 1043; x_wconf 82' lang='lat' dir='ltr'><strong>vit,</strong></span> <span class='ocrx_word' id='word_1_34' title='bbox 441 981 514 1030; x_wconf 91' lang='lat' dir='ltr'><strong>ut</strong></span> <span class='ocrx_word' id='word_1_35' title='bbox 537 970 635 1032; x_wconf 90' lang='lat' dir='ltr'><strong>M.</strong></span> <span class='ocrx_word' id='word_1_36' title='bbox 678 970 854 1032; x_wconf 83' lang='lat' dir='ltr'><strong>Livio</strong></span> <span class='ocrx_word' id='word_1_37' title='bbox 881 969 974 1032; x_wconf 83' lang='lat' dir='ltr'><strong>M.</strong></span> <span class='ocrx_word' id='word_1_38' title='bbox 1013 971 1087 1032; x_wconf 85' lang='lat' dir='ltr'><strong>F.</strong></span> <span class='ocrx_word' id='word_1_39' title='bbox 1117 970 1210 1032; x_wconf 87' lang='lat' dir='ltr'><strong>M.</strong></span> <span class='ocrx_word' id='word_1_40' title='bbox 1238 970 1330 1032; x_wconf 89' lang='lat' dir='ltr'><strong>N.</strong></span> <span class='ocrx_word' id='word_1_41' title='bbox 1359 971 1707 1045; x_wconf 74' lang='lat' dir='ltr'><strong>Salinatori,</strong></span> <span class='ocrx_word' id='word_1_42' title='bbox 1740 971 1809 1032; x_wconf 91' lang='lat' dir='ltr'><strong>L.</strong></span> <span class='ocrx_word' id='word_1_43' title='bbox 1838 971 2085 1032; x_wconf 84' lang='lat' dir='ltr'><strong>AEmilio</strong></span> <span class='ocrx_word' id='word_1_44' title='bbox 2112 971 2535 1058; x_wconf 68' lang='lat' dir='ltr'><strong>M.P0155,m,</strong></span> 
     </span>
     <span class='ocr_line' id='line_1_7' title="bbox 301 1055 2317 1180; baseline 0.001 -53"><span class='ocrx_word' id='word_1_45' title='bbox 301 1067 374 1128; x_wconf 74' lang='lat'><strong>1².</strong></span> <span class='ocrx_word' id='word_1_46' title='bbox 405 1067 646 1128; x_wconf 87' lang='lat' dir='ltr'><strong>Paullo</strong></span> <span class='ocrx_word' id='word_1_47' title='bbox 667 1060 1043 1129; x_wconf 79' lang='lat' dir='ltr'><strong>eonsulibus‘¹</strong></span> <span class='ocrx_word' id='word_1_48' title='bbox 1073 1069 1432 1180; x_wconf 72' lang='lat' dir='ltr'><strong>provinciam</strong></span> <span class='ocrx_word' id='word_1_49' title='bbox 1459 1069 1626 1130; x_wconf 89' lang='lat' dir='ltr'><strong>illam</strong></span> <span class='ocrx_word' id='word_1_50' title='bbox 1664 1055 1989 1129; x_wconf 74' lang='lat' dir='ltr'><strong>mandaret.</strong></span> <span class='ocrx_word' id='word_1_51' title='bbox 2047 1066 2209 1130; x_wconf 88' lang='lat' dir='ltr'><strong>Con·</strong></span> <span class='ocrx_word' id='word_1_52' title='bbox 2236 1061 2317 1110; x_wconf 77' lang='lat'><strong>¹⁸·</strong></span> 
     </span>
     <span class='ocr_line' id='line_1_8' title="bbox 297 1163 2209 1277; baseline 0 -51"><span class='ocrx_word' id='word_1_53' title='bbox 297 1173 396 1226; x_wconf 78' lang='lat' dir='ltr'><strong>tra</strong></span> <span class='ocrx_word' id='word_1_54' title='bbox 425 1163 776 1226; x_wconf 84' lang='lat' dir='ltr'><strong>Demetrius</strong></span> <span class='ocrx_word' id='word_1_55' title='bbox 797 1165 1023 1226; x_wconf 88' lang='lat' dir='ltr'><strong>bellum</strong></span> <span class='ocrx_word' id='word_1_56' title='bbox 1049 1167 1150 1226; x_wconf 87' lang='lat' dir='ltr'><strong>et</strong></span> <span class='ocrx_word' id='word_1_57' title='bbox 1135 1187 1258 1248; x_wconf 74' lang='lat' dir='ltr'><strong>ipse</strong></span> <span class='ocrx_word' id='word_1_58' title='bbox 1283 1165 1444 1227; x_wconf 83' lang='lat' dir='ltr'><strong>haud</strong></span> <span class='ocrx_word' id='word_1_59' title='bbox 1469 1167 1725 1246; x_wconf 74' lang='lat' dir='ltr'><strong>seguiter</strong></span> <span class='ocrx_word' id='word_1_60' title='bbox 1748 1185 2092 1277; x_wconf 76' lang='lat' dir='ltr'><strong>comparare</strong></span> <span class='ocrx_word' id='word_1_61' title='bbox 2121 1165 2209 1226; x_wconf 86' lang='lat' dir='ltr'><strong>in-</strong></span> 
     </span>
     <span class='ocr_line' id='line_1_9' title="bbox 297 1261 2209 1344; baseline 0.001 -22"><span class='ocrx_word' id='word_1_62' title='bbox 297 1263 516 1336; x_wconf 83' lang='lat' dir='ltr'><strong>stituit,</strong></span> <span class='ocrx_word' id='word_1_63' title='bbox 543 1261 750 1323; x_wconf 75' lang='lat' dir='ltr'><strong>valido</strong></span> <span class='ocrx_word' id='word_1_64' title='bbox 776 1261 1048 1343; x_wconf 73' lang='lat' dir='ltr'><strong>praesidio</strong></span> <span class='ocrx_word' id='word_1_65' title='bbox 1076 1262 1384 1324; x_wconf 87' lang='lat' dir='ltr'><strong>Dimalum</strong></span> <span class='ocrx_word' id='word_1_66' title='bbox 1411 1263 1609 1335; x_wconf 85' lang='lat' dir='ltr'><strong>misso,</strong></span> <span class='ocrx_word' id='word_1_67' title='bbox 1629 1263 1995 1344; x_wconf 85' lang='lat' dir='ltr'><strong>provisisque</strong></span> <span class='ocrx_word' id='word_1_68' title='bbox 2020 1263 2209 1324; x_wconf 88' lang='lat' dir='ltr'><strong>omui·</strong></span> 
     </span>
     <span class='ocr_line' id='line_1_10' title="bbox 301 1358 2210 1441; baseline 0 -22"><span class='ocrx_word' id='word_1_69' title='bbox 301 1360 436 1430; x_wconf 87' lang='lat' dir='ltr'><strong>bus,</strong></span> <span class='ocrx_word' id='word_1_70' title='bbox 463 1379 720 1441; x_wconf 88' lang='lat' dir='ltr'><strong>quorum</strong></span> <span class='ocrx_word' id='word_1_71' title='bbox 755 1358 832 1420; x_wconf 86' lang='lat' dir='ltr'><strong>ad</strong></span> <span class='ocrx_word' id='word_1_72' title='bbox 859 1359 1096 1440; x_wconf 78' lang='lat' dir='ltr'><strong>longam</strong></span> <span class='ocrx_word' id='word_1_73' title='bbox 1120 1359 1518 1422; x_wconf 86' lang='lat' dir='ltr'><strong>sustinendam</strong></span> <span class='ocrx_word' id='word_1_74' title='bbox 1547 1360 1913 1421; x_wconf 84' lang='lat' dir='ltr'><strong>obsidionem</strong></span> <span class='ocrx_word' id='word_1_75' title='bbox 1938 1379 2078 1420; x_wconf 86' lang='lat' dir='ltr'><strong>usus</strong></span> <span class='ocrx_word' id='word_1_76' title='bbox 2101 1367 2210 1419; x_wconf 89' lang='lat' dir='ltr'><strong>est.</strong></span> 
     </span>
     <span class='ocr_line' id='line_1_11' title="bbox 303 1454 2209 1539; baseline 0 -23"><span class='ocrx_word' id='word_1_77' title='bbox 303 1455 690 1523; x_wconf 74' lang='lat' dir='ltr'><strong>Quibusdam</strong></span> <span class='ocrx_word' id='word_1_78' title='bbox 716 1454 862 1518; x_wconf 83' lang='lat' dir='ltr'><strong>loeis</strong></span> <span class='ocrx_word' id='word_1_79' title='bbox 887 1455 1320 1518; x_wconf 85' lang='lat' dir='ltr'><strong>interficiendos</strong></span> <span class='ocrx_word' id='word_1_80' title='bbox 1352 1457 1586 1519; x_wconf 83' lang='lat' dir='ltr'><strong>curavit</strong></span> <span class='ocrx_word' id='word_1_81' title='bbox 1608 1456 1925 1539; x_wconf 71' lang='lat' dir='ltr'><strong>principes,</strong></span> <span class='ocrx_word' id='word_1_82' title='bbox 1960 1455 2036 1516; x_wconf 90' lang='lat' dir='ltr'><strong>de</strong></span> <span class='ocrx_word' id='word_1_83' title='bbox 2061 1475 2209 1536; x_wconf 91' lang='lat' dir='ltr'><strong>quo-</strong></span> 
     </span>
     <span class='ocr_line' id='line_1_12' title="bbox 301 1552 2212 1635; baseline -0.001 -21"><span class='ocrx_word' id='word_1_84' title='bbox 301 1573 434 1614; x_wconf 87' lang='lat' dir='ltr'><strong>rum</strong></span> <span class='ocrx_word' id='word_1_85' title='bbox 462 1552 588 1614; x_wconf 86' lang='lat' dir='ltr'><strong>fide</strong></span> <span class='ocrx_word' id='word_1_86' title='bbox 619 1553 956 1625; x_wconf 78' lang='lat' dir='ltr'><strong>dubitabat,</strong></span> <span class='ocrx_word' id='word_1_87' title='bbox 991 1553 1244 1635; x_wconf 83' lang='lat' dir='ltr'><strong>aliisqne</strong></span> <span class='ocrx_word' id='word_1_88' title='bbox 1270 1554 1383 1614; x_wconf 88' lang='lat' dir='ltr'><strong>sibi</strong></span> <span class='ocrx_word' id='word_1_89' title='bbox 1418 1552 1673 1614; x_wconf 83' lang='lat' dir='ltr'><strong>addictis</strong></span> <span class='ocrx_word' id='word_1_90' title='bbox 1696 1553 1953 1632; x_wconf 82' lang='lat' dir='ltr'><strong>regimen</strong></span> <span class='ocrx_word' id='word_1_91' title='bbox 1980 1553 2212 1614; x_wconf 87' lang='lat' dir='ltr'><strong>urbium</strong></span> 
     </span>
     <span class='ocr_line' id='line_1_13' title="bbox 303 1649 2215 1730; baseline 0 -20"><span class='ocrx_word' id='word_1_92' title='bbox 303 1649 592 1710; x_wconf 85' lang='lat' dir='ltr'><strong>tradidit:</strong></span> <span class='ocrx_word' id='word_1_93' title='bbox 635 1669 714 1710; x_wconf 84' lang='lat' dir='ltr'><strong>ex</strong></span> <span class='ocrx_word' id='word_1_94' title='bbox 739 1651 900 1711; x_wconf 89' lang='lat' dir='ltr'><strong>omni</strong></span> <span class='ocrx_word' id='word_1_95' title='bbox 925 1669 1068 1712; x_wconf 82' lang='lat' dir='ltr'><strong>vero</strong></span> <span class='ocrx_word' id='word_1_96' title='bbox 1093 1671 1274 1730; x_wconf 81' lang='lat' dir='ltr'><strong>regno</strong></span> <span class='ocrx_word' id='word_1_97' title='bbox 1297 1649 1596 1712; x_wconf 85' lang='lat' dir='ltr'><strong>delectum</strong></span> <span class='ocrx_word' id='word_1_98' title='bbox 1641 1651 1842 1722; x_wconf 90' lang='lat' dir='ltr'><strong>robur,</strong></span> <span class='ocrx_word' id='word_1_99' title='bbox 1868 1670 1975 1710; x_wconf 84' lang='lat' dir='ltr'><strong>sex</strong></span> <span class='ocrx_word' id='word_1_100' title='bbox 2020 1649 2215 1710; x_wconf 90' lang='lat' dir='ltr'><strong>millia</strong></span> 
     </span>
     <span class='ocr_line' id='line_1_14' title="bbox 303 1745 2537 1840; baseline -0 -32"><span class='ocrx_word' id='word_1_101' title='bbox 303 1746 588 1818; x_wconf 81' lang='lat' dir='ltr'><strong>virorum,</strong></span> <span class='ocrx_word' id='word_1_102' title='bbox 611 1766 815 1807; x_wconf 86' lang='lat' dir='ltr'><strong>seeum</strong></span> <span class='ocrx_word' id='word_1_103' title='bbox 839 1746 920 1807; x_wconf 84' lang='lat' dir='ltr'><strong>ad</strong></span> <span class='ocrx_word' id='word_1_104' title='bbox 946 1746 1282 1830; x_wconf 68' lang='lat' dir='ltr'><strong>praesidium</strong></span> <span class='ocrx_word' id='word_1_105' title='bbox 1307 1745 1500 1808; x_wconf 86' lang='lat' dir='ltr'><strong>Phari</strong></span> <span class='ocrx_word' id='word_1_106' title='bbox 1539 1746 1797 1807; x_wconf 82' lang='lat' dir='ltr'><strong>retinuit.</strong></span> <span class='ocrx_word' id='word_1_107' title='bbox 1883 1745 2049 1806; x_wconf 88' lang='lat' dir='ltr'><strong>Dum</strong></span> <span class='ocrx_word' id='word_1_108' title='bbox 2082 1747 2215 1807; x_wconf 76' lang='lat' dir='ltr'><strong>hoee</strong></span> <span class='ocrx_word' id='word_1_109' title='bbox 2254 1771 2434 1840; x_wconf 59' lang='lat' dir='ltr'><strong>Pom,</strong></span> <span class='ocrx_word' id='word_1_110' title='bbox 2448 1791 2537 1826; x_wconf 59' lang='grc' dir='ltr'><strong>η</strong></span> 
     </span>
     <span class='ocr_line' id='line_1_15' title="bbox 303 1824 2318 1926; baseline -0.001 -22"><span class='ocrx_word' id='word_1_111' title='bbox 303 1824 586 1923; x_wconf 77' lang='lat' dir='ltr'><strong>aguntur,</strong></span> <span class='ocrx_word' id='word_1_112' title='bbox 615 1841 688 1902; x_wconf 89' lang='lat' dir='ltr'><strong>L.</strong></span> <span class='ocrx_word' id='word_1_113' title='bbox 715 1842 952 1904; x_wconf 86' lang='lat' dir='ltr'><strong>Paulus</strong></span> <span class='ocrx_word' id='word_1_114' title='bbox 989 1841 1195 1904; x_wconf 81' lang='lat' dir='ltr'><strong>consul</strong></span> <span class='ocrx_word' id='word_1_115' title='bbox 1221 1843 1410 1925; x_wconf 89' lang='lat' dir='ltr'><strong>primo</strong></span> <span class='ocrx_word' id='word_1_116' title='bbox 1436 1863 1576 1905; x_wconf 81' lang='lat' dir='ltr'><strong>vere</strong></span> <span class='ocrx_word' id='word_1_117' title='bbox 1611 1842 1935 1926; x_wconf 82' lang='lat' dir='ltr'><strong>profectus,</strong></span> <span class='ocrx_word' id='word_1_118' title='bbox 1964 1843 2027 1903; x_wconf 91' lang='lat' dir='ltr'><strong>in</strong></span> <span class='ocrx_word' id='word_1_119' title='bbox 2054 1841 2211 1924; x_wconf 79' lang='lat' dir='ltr'><strong>Illy·</strong></span> <span class='ocrx_word' id='word_1_120' title='bbox 2238 1843 2318 1891; x_wconf 77' lang='lat'><strong>¹⁶·</strong></span> 
     </span>
     <span class='ocr_line' id='line_1_16' title="bbox 303 1902 2537 2022; baseline -0 -21"><span class='ocrx_word' id='word_1_121' title='bbox 303 1941 494 2002; x_wconf 85' lang='lat' dir='ltr'><strong>ricum</strong></span> <span class='ocrx_word' id='word_1_122' title='bbox 520 1940 719 2001; x_wconf 76' lang='lat' dir='ltr'><strong>venit:</strong></span> <span class='ocrx_word' id='word_1_123' title='bbox 759 1939 1181 2022; x_wconf 82' lang='lat' dir='ltr'><strong>intellectoque</strong></span> <span class='ocrx_word' id='word_1_124' title='bbox 1206 1959 1484 2020; x_wconf 77' lang='lat' dir='ltr'><strong>magnam</strong></span> <span class='ocrx_word' id='word_1_125' title='bbox 1509 1960 1634 2002; x_wconf 82' lang='lat' dir='ltr'><strong>esse</strong></span> <span class='ocrx_word' id='word_1_126' title='bbox 1660 1939 1926 2002; x_wconf 75' lang='lat' dir='ltr'><strong>hostibus</strong></span> <span class='ocrx_word' id='word_1_127' title='bbox 1948 1959 2113 2022; x_wconf 89' lang='lat' dir='ltr'><strong>spem</strong></span> <span class='ocrx_word' id='word_1_128' title='bbox 2150 1941 2212 2000; x_wconf 90' lang='lat' dir='ltr'><strong>in</strong></span> <span class='ocrx_word' id='word_1_129' title='bbox 2238 1903 2427 2022; x_wconf 48' lang='lat'><strong>12⁰¹,</strong></span> <span class='ocrx_word' id='word_1_130' title='bbox 2377 1902 2427 1955; x_wconf 83' lang='lat' dir='ltr'><strong>b</strong></span> <span class='ocrx_word' id='word_1_131' title='bbox 2450 1916 2537 1954; x_wconf 77' lang='lat'><strong>¹¹¹⁹</strong></span> 
     </span>
     <span class='ocr_line' id='line_1_17' title="bbox 305 2036 2213 2119; baseline 0.001 -23"><span class='ocrx_word' id='word_1_132' title='bbox 305 2037 740 2098; x_wconf 77' lang='lat' dir='ltr'><strong>munitionibus</strong></span> <span class='ocrx_word' id='word_1_133' title='bbox 764 2036 1018 2110; x_wconf 75' lang='lat' dir='ltr'><strong>Dimali,</strong></span> <span class='ocrx_word' id='word_1_134' title='bbox 1045 2057 1224 2119; x_wconf 89' lang='lat' dir='ltr'><strong>quem</strong></span> <span class='ocrx_word' id='word_1_135' title='bbox 1262 2037 1460 2098; x_wconf 86' lang='lat' dir='ltr'><strong>locum</strong></span> <span class='ocrx_word' id='word_1_136' title='bbox 1495 2037 2015 2118; x_wconf 70' lang='lat' dir='ltr'><strong>inexpugnabilem</strong></span> <span class='ocrx_word' id='word_1_137' title='bbox 2039 2045 2213 2118; x_wconf 86' lang='lat' dir='ltr'><strong>puta-</strong></span> 
     </span>
     <span class='ocr_line' id='line_1_18' title="bbox 303 2133 2214 2218; baseline 0 -24"><span class='ocrx_word' id='word_1_138' title='bbox 303 2133 478 2206; x_wconf 88' lang='lat' dir='ltr'><strong>bant,</strong></span> <span class='ocrx_word' id='word_1_139' title='bbox 505 2143 672 2194; x_wconf 87' lang='lat' dir='ltr'><strong>ratus</strong></span> <span class='ocrx_word' id='word_1_140' title='bbox 703 2134 1022 2218; x_wconf 87' lang='lat' dir='ltr'><strong>plurimum</strong></span> <span class='ocrx_word' id='word_1_141' title='bbox 1049 2133 1184 2194; x_wconf 87' lang='lat' dir='ltr'><strong>inde</strong></span> <span class='ocrx_word' id='word_1_142' title='bbox 1230 2133 1466 2195; x_wconf 86' lang='lat' dir='ltr'><strong>terroris</strong></span> <span class='ocrx_word' id='word_1_143' title='bbox 1487 2135 1795 2208; x_wconf 89' lang='lat' dir='ltr'><strong>oriturum,</strong></span> <span class='ocrx_word' id='word_1_144' title='bbox 1820 2133 1871 2194; x_wconf 89' lang='lat' dir='ltr'><strong>si</strong></span> <span class='ocrx_word' id='word_1_145' title='bbox 1906 2133 2069 2194; x_wconf 84' lang='lat' dir='ltr'><strong>hunc</strong></span> <span class='ocrx_word' id='word_1_146' title='bbox 2106 2153 2214 2195; x_wconf 84' lang='lat' dir='ltr'><strong>ex-</strong></span> 
     </span>
     <span class='ocr_line' id='line_1_19' title="bbox 307 2229 2215 2331; baseline -0.001 -39"><span class='ocrx_word' id='word_1_147' title='bbox 307 2240 652 2331; x_wconf 79' lang='lat' dir='ltr'><strong>pugnasset,</strong></span> <span class='ocrx_word' id='word_1_148' title='bbox 687 2239 857 2292; x_wconf 84' lang='lat' dir='ltr'><strong>tanta</strong></span> <span class='ocrx_word' id='word_1_149' title='bbox 879 2251 989 2294; x_wconf 84' lang='lat' dir='ltr'><strong>sua</strong></span> <span class='ocrx_word' id='word_1_150' title='bbox 1011 2230 1384 2311; x_wconf 80' lang='lat' dir='ltr'><strong>militumque</strong></span> <span class='ocrx_word' id='word_1_151' title='bbox 1425 2229 1736 2292; x_wconf 72' lang='lat' dir='ltr'><strong>alacritate</strong></span> <span class='ocrx_word' id='word_1_152' title='bbox 1760 2237 1853 2291; x_wconf 87' lang='lat' dir='ltr'><strong>est</strong></span> <span class='ocrx_word' id='word_1_153' title='bbox 1890 2249 2215 2310; x_wconf 62' lang='lat' dir='ltr'><strong>aggresus,</strong></span> 
     </span>
     <span class='ocr_line' id='line_1_20' title="bbox 308 2310 2215 2438; baseline -0.001 -50"><span class='ocrx_word' id='word_1_154' title='bbox 308 2338 380 2388; x_wconf 87' lang='lat' dir='ltr'><strong>ut</strong></span> <span class='ocrx_word' id='word_1_155' title='bbox 413 2310 670 2410; x_wconf 84' lang='lat' dir='ltr'><strong>septimo</strong></span> <span class='ocrx_word' id='word_1_156' title='bbox 703 2347 886 2409; x_wconf 89' lang='lat' dir='ltr'><strong>quam</strong></span> <span class='ocrx_word' id='word_1_157' title='bbox 925 2327 1288 2410; x_wconf 76' lang='lat' dir='ltr'><strong>oppugnari·</strong></span> <span class='ocrx_word' id='word_1_158' title='bbox 1293 2327 1552 2409; x_wconf 69' lang='lat' dir='ltr'><strong>&#39;eoepta</strong></span> <span class='ocrx_word' id='word_1_159' title='bbox 1587 2335 1740 2389; x_wconf 84' lang='lat' dir='ltr'><strong>esset</strong></span> <span class='ocrx_word' id='word_1_160' title='bbox 1763 2326 1861 2388; x_wconf 88' lang='lat' dir='ltr'><strong>die</strong></span> <span class='ocrx_word' id='word_1_161' title='bbox 1888 2327 1949 2389; x_wconf 83' lang='lat' dir='ltr'><strong>vi</strong></span> <span class='ocrx_word' id='word_1_162' title='bbox 1974 2347 2215 2438; x_wconf 80' lang='lat' dir='ltr'><strong>eapere-</strong></span> 
     </span>
     <span class='ocr_line' id='line_1_21' title="bbox 307 2423 2261 2506; baseline -0.001 -20"><span class='ocrx_word' id='word_1_163' title='bbox 307 2434 426 2486; x_wconf 74' lang='lat' dir='ltr'><strong>tur.</strong></span> <span class='ocrx_word' id='word_1_164' title='bbox 516 2423 740 2506; x_wconf 87' lang='lat' dir='ltr'><strong>Neque</strong></span> <span class='ocrx_word' id='word_1_165' title='bbox 764 2423 950 2485; x_wconf 82' lang='lat' dir='ltr'><strong>falsus</strong></span> <span class='ocrx_word' id='word_1_166' title='bbox 980 2424 1095 2485; x_wconf 86' lang='lat' dir='ltr'><strong>fuit</strong></span> <span class='ocrx_word' id='word_1_167' title='bbox 1118 2424 1316 2485; x_wconf 88' lang='lat' dir='ltr'><strong>animo</strong></span> <span class='ocrx_word' id='word_1_168' title='bbox 1337 2424 1569 2497; x_wconf 73' lang='lat' dir='ltr'><strong>consul,</strong></span> <span class='ocrx_word' id='word_1_169' title='bbox 1594 2443 1913 2506; x_wconf 85' lang='lat' dir='ltr'><strong>sparsaque</strong></span> <span class='ocrx_word' id='word_1_170' title='bbox 1938 2443 2045 2505; x_wconf 89' lang='lat' dir='ltr'><strong>per</strong></span> <span class='ocrx_word' id='word_1_171' title='bbox 2068 2423 2215 2485; x_wconf 80' lang='lat' dir='ltr'><strong>vici-</strong></span> <span class='ocrx_word' id='word_1_172' title='bbox 2258 2503 2261 2506; x_wconf 8' lang='grc' dir='ltr'><strong><em>ἢ</em></strong></span> 
     </span>
     <span class='ocr_line' id='line_1_22' title="bbox 309 2520 2214 2602; baseline 0 -21"><span class='ocrx_word' id='word_1_173' title='bbox 309 2541 452 2582; x_wconf 87' lang='lat' dir='ltr'><strong>nam</strong></span> <span class='ocrx_word' id='word_1_174' title='bbox 477 2521 775 2602; x_wconf 79' lang='lat' dir='ltr'><strong>regionem</strong></span> <span class='ocrx_word' id='word_1_175' title='bbox 799 2520 982 2596; x_wconf 79' lang='lat' dir='ltr'><strong>fama,</strong></span> <span class='ocrx_word' id='word_1_176' title='bbox 1006 2520 1312 2583; x_wconf 74' lang='lat' dir='ltr'><strong>confestim</strong></span> <span class='ocrx_word' id='word_1_177' title='bbox 1346 2539 1423 2582; x_wconf 82' lang='lat' dir='ltr'><strong>ex</strong></span> <span class='ocrx_word' id='word_1_178' title='bbox 1447 2521 1723 2583; x_wconf 86' lang='lat' dir='ltr'><strong>omnibus</strong></span> <span class='ocrx_word' id='word_1_179' title='bbox 1745 2521 1987 2583; x_wconf 82' lang='lat' dir='ltr'><strong>urbibus</strong></span> <span class='ocrx_word' id='word_1_180' title='bbox 2020 2530 2214 2582; x_wconf 86' lang='lat' dir='ltr'><strong>orato-</strong></span> 
     </span>
     <span class='ocr_line' id='line_1_23' title="bbox 311 2616 1842 2701; baseline 0 -22"><span class='ocrx_word' id='word_1_181' title='bbox 311 2638 404 2679; x_wconf 84' lang='lat' dir='ltr'><strong>res</strong></span> <span class='ocrx_word' id='word_1_182' title='bbox 426 2639 669 2690; x_wconf 81' lang='lat' dir='ltr'><strong>venere,</strong></span> <span class='ocrx_word' id='word_1_183' title='bbox 689 2640 752 2680; x_wconf 83' lang='lat' dir='ltr'><strong>se</strong></span> <span class='ocrx_word' id='word_1_184' title='bbox 777 2640 1002 2701; x_wconf 83' lang='lat' dir='ltr'><strong>suaque</strong></span> <span class='ocrx_word' id='word_1_185' title='bbox 1023 2620 1222 2679; x_wconf 87' lang='lat' dir='ltr'><strong>omnia</strong></span> <span class='ocrx_word' id='word_1_186' title='bbox 1248 2618 1541 2681; x_wconf 85' lang='lat' dir='ltr'><strong>Romanis</strong></span> <span class='ocrx_word' id='word_1_187' title='bbox 1562 2616 1842 2680; x_wconf 81' lang='lat' dir='ltr'><strong>dedituri.</strong></span> 
     </span>
    </p>

    <p class='ocr_par' dir='ltr' id='par_1_4' title="bbox 314 2714 2286 3945">
     <span class='ocr_line' id='line_1_24' title="bbox 389 2714 2215 2799; baseline -0.001 -22"><span class='ocrx_word' id='word_1_188' title='bbox 389 2723 498 2778; x_wconf 78' lang='lat'><strong>60.</strong></span> <span class='ocrx_word' id='word_1_189' title='bbox 558 2715 800 2783; x_wconf 75' lang='lat' dir='ltr'><strong>Quibus</strong></span> <span class='ocrx_word' id='word_1_190' title='bbox 848 2717 908 2777; x_wconf 88' lang='lat' dir='ltr'><strong>in</strong></span> <span class='ocrx_word' id='word_1_191' title='bbox 953 2714 1132 2777; x_wconf 87' lang='lat' dir='ltr'><strong>fidem</strong></span> <span class='ocrx_word' id='word_1_192' title='bbox 1172 2715 1425 2799; x_wconf 81' lang='lat' dir='ltr'><strong>receptis</strong></span> <span class='ocrx_word' id='word_1_193' title='bbox 1474 2715 1747 2776; x_wconf 86' lang='lat' dir='ltr'><strong>Pharum</strong></span> <span class='ocrx_word' id='word_1_194' title='bbox 1788 2714 2066 2787; x_wconf 86' lang='lat' dir='ltr'><strong>insulam,</strong></span> <span class='ocrx_word' id='word_1_195' title='bbox 2112 2714 2215 2775; x_wconf 90' lang='lat' dir='ltr'><strong>ubi</strong></span> 
     </span>
     <span class='ocr_line' id='line_1_25' title="bbox 316 2810 2215 2895; baseline -0.001 -22"><span class='ocrx_word' id='word_1_196' title='bbox 316 2810 614 2873; x_wconf 86' lang='lat' dir='ltr'><strong>Demetrii</strong></span> <span class='ocrx_word' id='word_1_197' title='bbox 648 2812 812 2893; x_wconf 76' lang='lat' dir='ltr'><strong>regia</strong></span> <span class='ocrx_word' id='word_1_198' title='bbox 848 2822 1001 2886; x_wconf 82' lang='lat' dir='ltr'><strong>erat,</strong></span> <span class='ocrx_word' id='word_1_199' title='bbox 1063 2814 1254 2895; x_wconf 88' lang='lat' dir='ltr'><strong>petiit.</strong></span> <span class='ocrx_word' id='word_1_200' title='bbox 1338 2812 1542 2880; x_wconf 80' lang='lat' dir='ltr'><strong>Quam</strong></span> <span class='ocrx_word' id='word_1_201' title='bbox 1582 2812 1687 2874; x_wconf 89' lang='lat' dir='ltr'><strong>ubi</strong></span> <span class='ocrx_word' id='word_1_202' title='bbox 1721 2812 2027 2894; x_wconf 82' lang='lat' dir='ltr'><strong>copiarum</strong></span> <span class='ocrx_word' id='word_1_203' title='bbox 2052 2812 2215 2872; x_wconf 78' lang='lat' dir='ltr'><strong>&#39;omui</strong></span> 
     </span>
     <span class='ocr_line' id='line_1_26' title="bbox 315 2908 2214 2991; baseline -0.002 -20"><span class='ocrx_word' id='word_1_204' title='bbox 315 2929 530 2989; x_wconf 82' lang='lat' dir='ltr'><strong>genere</strong></span> <span class='ocrx_word' id='word_1_205' title='bbox 553 2909 852 2983; x_wconf 85' lang='lat' dir='ltr'><strong>refertam,</strong></span> <span class='ocrx_word' id='word_1_206' title='bbox 879 2909 1440 2991; x_wconf 72' lang='lat' dir='ltr'><strong>fortissimorumque</strong></span> <span class='ocrx_word' id='word_1_207' title='bbox 1467 2909 1727 2971; x_wconf 81' lang='lat' dir='ltr'><strong>virorum</strong></span> <span class='ocrx_word' id='word_1_208' title='bbox 1752 2908 2048 2991; x_wconf 75' lang='lat' dir='ltr'><strong>praesidio,</strong></span> <span class='ocrx_word' id='word_1_209' title='bbox 2086 2917 2214 2969; x_wconf 89' lang='lat' dir='ltr'><strong>tum</strong></span> 
     </span>
     <span class='ocr_line' id='line_1_27' title="bbox 314 3006 2216 3089; baseline -0.001 -22"><span class='ocrx_word' id='word_1_210' title='bbox 314 3007 432 3067; x_wconf 88' lang='lat' dir='ltr'><strong>situ</strong></span> <span class='ocrx_word' id='word_1_211' title='bbox 450 3006 871 3089; x_wconf 84' lang='lat' dir='ltr'><strong>operibusque,</strong></span> <span class='ocrx_word' id='word_1_212' title='bbox 897 3006 1106 3068; x_wconf 80' lang='lat' dir='ltr'><strong>adhaee</strong></span> <span class='ocrx_word' id='word_1_213' title='bbox 1156 3007 1470 3089; x_wconf 77' lang='lat' dir='ltr'><strong>praesentia</strong></span> <span class='ocrx_word' id='word_1_214' title='bbox 1509 3006 1745 3087; x_wconf 76' lang='lat' dir='ltr'><strong>tyranni</strong></span> <span class='ocrx_word' id='word_1_215' title='bbox 1776 3006 2063 3066; x_wconf 88' lang='lat' dir='ltr'><strong>munitam</strong></span> <span class='ocrx_word' id='word_1_216' title='bbox 2090 3024 2216 3065; x_wconf 86' lang='lat' dir='ltr'><strong>esse</strong></span> 
     </span>
     <span class='ocr_line' id='line_1_28' title="bbox 317 3100 2219 3181; baseline -0.001 -18"><span class='ocrx_word' id='word_1_217' title='bbox 317 3100 720 3175; x_wconf 70' lang='lat' dir='ltr'><strong>dididieimetg</strong></span> <span class='ocrx_word' id='word_1_218' title='bbox 763 3123 988 3165; x_wconf 88' lang='lat' dir='ltr'><strong>moram</strong></span> <span class='ocrx_word' id='word_1_219' title='bbox 1013 3103 1331 3164; x_wconf 88' lang='lat' dir='ltr'><strong>obsidionis</strong></span> <span class='ocrx_word' id='word_1_220' title='bbox 1354 3103 1598 3174; x_wconf 77' lang='lat' dir='ltr'><strong>veritus,</strong></span> <span class='ocrx_word' id='word_1_221' title='bbox 1635 3111 1829 3163; x_wconf 83' lang='lat' dir='ltr'><strong>astum</strong></span> <span class='ocrx_word' id='word_1_222' title='bbox 1852 3102 2219 3181; x_wconf 78' lang='lat' dir='ltr'><strong>excogitavit</strong></span> 
     </span>
     <span class='ocr_line' id='line_1_29' title="bbox 319 3182 2286 3278; baseline -0.002 -16"><span class='ocrx_word' id='word_1_223' title='bbox 319 3200 724 3262; x_wconf 79' lang='lat' dir='ltr'><strong>aoeelerandae</strong></span> <span class='ocrx_word' id='word_1_224' title='bbox 747 3200 1010 3263; x_wconf 77' lang='lat' dir='ltr'><strong>vietoriae</strong></span> <span class='ocrx_word' id='word_1_225' title='bbox 1035 3220 1150 3261; x_wconf 87' lang='lat' dir='ltr'><strong>non</strong></span> <span class='ocrx_word' id='word_1_226' title='bbox 1179 3182 1468 3261; x_wconf 71' lang='lat' dir='ltr'><strong>in’utilem.</strong></span> <span class='ocrx_word' id='word_1_227' title='bbox 1550 3197 1802 3260; x_wconf 79' lang='lat' dir='ltr'><strong>Partem</strong></span> <span class='ocrx_word' id='word_1_228' title='bbox 1834 3200 1992 3259; x_wconf 90' lang='lat' dir='ltr'><strong>enim</strong></span> <span class='ocrx_word' id='word_1_229' title='bbox 2028 3198 2217 3278; x_wconf 85' lang='lat' dir='ltr'><strong>majo-</strong></span> <span class='ocrx_word' id='word_1_230' title='bbox 2279 3215 2286 3222; x_wconf 86' lang='lat'><strong>·</strong></span> 
     </span>
     <span class='ocr_line' id='line_1_30' title="bbox 321 3294 2221 3378; baseline -0.002 -20"><span class='ocrx_word' id='word_1_231' title='bbox 321 3318 442 3358; x_wconf 85' lang='lat' dir='ltr'><strong>rem</strong></span> <span class='ocrx_word' id='word_1_232' title='bbox 464 3298 784 3371; x_wconf 84' lang='lat' dir='ltr'><strong>exereitus,</strong></span> <span class='ocrx_word' id='word_1_233' title='bbox 809 3306 986 3359; x_wconf 81' lang='lat' dir='ltr'><strong>noctu</strong></span> <span class='ocrx_word' id='word_1_234' title='bbox 1013 3296 1274 3377; x_wconf 85' lang='lat' dir='ltr'><strong>trajectis</strong></span> <span class='ocrx_word' id='word_1_235' title='bbox 1291 3297 1496 3378; x_wconf 81' lang='lat' dir='ltr'><strong>copiis,</strong></span> <span class='ocrx_word' id='word_1_236' title='bbox 1513 3296 1574 3356; x_wconf 90' lang='lat' dir='ltr'><strong>in</strong></span> <span class='ocrx_word' id='word_1_237' title='bbox 1591 3295 1844 3378; x_wconf 79' lang='lat' dir='ltr'><strong>sylvosis</strong></span> <span class='ocrx_word' id='word_1_238' title='bbox 1867 3294 2221 3376; x_wconf 86' lang='lat' dir='ltr'><strong>quibusdam</strong></span> 
     </span>
     <span class='ocr_line' id='line_1_31' title="bbox 323 3391 2225 3477; baseline -0.002 -22"><span class='ocrx_word' id='word_1_239' title='bbox 323 3392 580 3455; x_wconf 75' lang='lat' dir='ltr'><strong>callibus</strong></span> <span class='ocrx_word' id='word_1_240' title='bbox 611 3394 910 3457; x_wconf 82' lang='lat' dir='ltr'><strong>ooeuluit:</strong></span> <span class='ocrx_word' id='word_1_241' title='bbox 973 3394 1096 3477; x_wconf 86' lang='lat' dir='ltr'><strong>ipse</strong></span> <span class='ocrx_word' id='word_1_242' title='bbox 1140 3413 1278 3455; x_wconf 86' lang='lat' dir='ltr'><strong>cum</strong></span> <span class='ocrx_word' id='word_1_243' title='bbox 1323 3392 1574 3456; x_wconf 81' lang='lat' dir='ltr'><strong>navibus</strong></span> <span class='ocrx_word' id='word_1_244' title='bbox 1614 3392 1823 3471; x_wconf 80' lang='lat' dir='ltr'><strong>viginti</strong></span> <span class='ocrx_word' id='word_1_245' title='bbox 1874 3391 2007 3452; x_wconf 87' lang='lat' dir='ltr'><strong>luce</strong></span> <span class='ocrx_word' id='word_1_246' title='bbox 2056 3391 2225 3452; x_wconf 83' lang='lat' dir='ltr'><strong>clara</strong></span> 
     </span>
     <span class='ocr_line' id='line_1_32' title="bbox 325 3488 2223 3573; baseline -0.002 -21"><span class='ocrx_word' id='word_1_247' title='bbox 325 3493 656 3573; x_wconf 82' lang='lat' dir='ltr'><strong>proximum</strong></span> <span class='ocrx_word' id='word_1_248' title='bbox 683 3491 815 3553; x_wconf 91' lang='lat' dir='ltr'><strong>urbi</strong></span> <span class='ocrx_word' id='word_1_249' title='bbox 850 3500 1083 3573; x_wconf 88' lang='lat' dir='ltr'><strong>portum</strong></span> <span class='ocrx_word' id='word_1_250' title='bbox 1108 3500 1334 3573; x_wconf 87' lang='lat' dir='ltr'><strong>petens,</strong></span> <span class='ocrx_word' id='word_1_251' title='bbox 1358 3490 1565 3552; x_wconf 90' lang='lat' dir='ltr'><strong>elicuit</strong></span> <span class='ocrx_word' id='word_1_252' title='bbox 1590 3488 1871 3561; x_wconf 82' lang='lat' dir='ltr'><strong>Pharios,</strong></span> <span class='ocrx_word' id='word_1_253' title='bbox 1898 3489 2050 3549; x_wconf 80' lang='lat' dir='ltr'><strong>iuter</strong></span> <span class='ocrx_word' id='word_1_254' title='bbox 2073 3508 2223 3569; x_wconf 90' lang='lat' dir='ltr'><strong>quos</strong></span> 
     </span>
     <span class='ocr_line' id='line_1_33' title="bbox 329 3586 2223 3671; baseline -0.001 -24"><span class='ocrx_word' id='word_1_255' title='bbox 329 3590 448 3670; x_wconf 81' lang='lat' dir='ltr'><strong>ipse</strong></span> <span class='ocrx_word' id='word_1_256' title='bbox 493 3588 836 3651; x_wconf 85' lang='lat' dir='ltr'><strong>Demetrius</strong></span> <span class='ocrx_word' id='word_1_257' title='bbox 884 3587 963 3649; x_wconf 87' lang='lat' dir='ltr'><strong>ad</strong></span> <span class='ocrx_word' id='word_1_258' title='bbox 1017 3586 1442 3671; x_wconf 88' lang='lat' dir='ltr'><strong>prohibendam</strong></span> <span class='ocrx_word' id='word_1_259' title='bbox 1489 3587 1744 3647; x_wconf 84' lang='lat' dir='ltr'><strong>hostium</strong></span> <span class='ocrx_word' id='word_1_260' title='bbox 1787 3586 2223 3647; x_wconf 82' lang='lat' dir='ltr'><strong>exscensionem</strong></span> 
     </span>
     <span class='ocr_line' id='line_1_34' title="bbox 329 3682 2219 3767; baseline -0.002 -20"><span class='ocrx_word' id='word_1_261' title='bbox 329 3687 675 3747; x_wconf 72' lang='lat' dir='ltr'><strong>accucurrit.</strong></span> <span class='ocrx_word' id='word_1_262' title='bbox 773 3684 1063 3747; x_wconf 74' lang='lat' dir='ltr'><strong>conserto</strong></span> <span class='ocrx_word' id='word_1_263' title='bbox 1107 3686 1427 3747; x_wconf 75' lang='lat' dir='ltr'><strong>certamine</strong></span> <span class='ocrx_word' id='word_1_264' title='bbox 1467 3684 1666 3767; x_wconf 88' lang='lat' dir='ltr'><strong>plures</strong></span> <span class='ocrx_word' id='word_1_265' title='bbox 1707 3683 1979 3755; x_wconf 88' lang='lat' dir='ltr'><strong>subinde,</strong></span> <span class='ocrx_word' id='word_1_266' title='bbox 2019 3692 2087 3744; x_wconf 90' lang='lat' dir='ltr'><strong>ut</strong></span> <span class='ocrx_word' id='word_1_267' title='bbox 2126 3682 2219 3756; x_wconf 86' lang='lat' dir='ltr'><strong>fit,</strong></span> 
     </span>
     <span class='ocr_line' id='line_1_35' title="bbox 328 3779 2221 3863; baseline -0.001 -20"><span class='ocrx_word' id='word_1_268' title='bbox 328 3785 446 3845; x_wconf 85' lang='lat' dir='ltr'><strong>suis</strong></span> <span class='ocrx_word' id='word_1_269' title='bbox 477 3783 712 3847; x_wconf 81' lang='lat' dir='ltr'><strong>auxilio</strong></span> <span class='ocrx_word' id='word_1_270' title='bbox 745 3784 1072 3855; x_wconf 73' lang='lat' dir='ltr'><strong>venientes,</strong></span> <span class='ocrx_word' id='word_1_271' title='bbox 1117 3782 1196 3844; x_wconf 87' lang='lat' dir='ltr'><strong>ad</strong></span> <span class='ocrx_word' id='word_1_272' title='bbox 1234 3791 1566 3845; x_wconf 84' lang='lat' dir='ltr'><strong>extremum</strong></span> <span class='ocrx_word' id='word_1_273' title='bbox 1601 3783 1763 3843; x_wconf 88' lang='lat' dir='ltr'><strong>omni</strong></span> <span class='ocrx_word' id='word_1_274' title='bbox 1801 3780 1923 3842; x_wconf 85' lang='lat' dir='ltr'><strong>fere</strong></span> <span class='ocrx_word' id='word_1_275' title='bbox 1948 3779 2221 3863; x_wconf 70' lang='lat' dir='ltr'><strong>praesidio</strong></span> 
     </span>
     <span class='ocr_line' id='line_1_36' title="bbox 331 3877 2223 3945; baseline -0.003 -2"><span class='ocrx_word' id='word_1_276' title='bbox 331 3881 668 3945; x_wconf 80' lang='lat' dir='ltr'><strong>militarium</strong></span> <span class='ocrx_word' id='word_1_277' title='bbox 707 3882 966 3943; x_wconf 85' lang='lat' dir='ltr'><strong>virorum</strong></span> <span class='ocrx_word' id='word_1_278' title='bbox 1011 3881 1215 3941; x_wconf 88' lang='lat' dir='ltr'><strong>urbem</strong></span> <span class='ocrx_word' id='word_1_279' title='bbox 1261 3878 1581 3941; x_wconf 76' lang='lat' dir='ltr'><strong>nudavere.</strong></span> <span class='ocrx_word' id='word_1_280' title='bbox 1680 3878 1919 3941; x_wconf 73' lang='lat' dir='ltr'><strong>Interea</strong></span> <span class='ocrx_word' id='word_1_281' title='bbox 1957 3877 2223 3939; x_wconf 84' lang='lat' dir='ltr'><strong>Romani</strong></span> 
     </span>
    </p>
   </div>
   <div class='ocr_carea' id='block_1_3' title="bbox 333 3974 2223 4060">
    <p class='ocr_par' dir='ltr' id='par_1_5' title="bbox 333 3974 2223 4060">
     <span class='ocr_line' id='line_1_37' title="bbox 333 3974 2223 4060; baseline -0.002 -21"><span class='ocrx_word' id='word_1_282' title='bbox 333 3980 434 4060; x_wconf 88' lang='lat' dir='ltr'><strong>qui</strong></span> <span class='ocrx_word' id='word_1_283' title='bbox 451 3990 630 4043; x_wconf 84' lang='lat' dir='ltr'><strong>noctu</strong></span> <span class='ocrx_word' id='word_1_284' title='bbox 649 3978 1101 4051; x_wconf 85' lang='lat' dir='ltr'><strong>exscenderaut,</strong></span> <span class='ocrx_word' id='word_1_285' title='bbox 1119 3978 1322 4038; x_wconf 88' lang='lat' dir='ltr'><strong>itinere</strong></span> <span class='ocrx_word' id='word_1_286' title='bbox 1337 3997 1441 4059; x_wconf 89' lang='lat' dir='ltr'><strong>per</strong></span> <span class='ocrx_word' id='word_1_287' title='bbox 1455 3986 1614 4039; x_wconf 76' lang='lat' dir='ltr'><strong>tecta</strong></span> <span class='ocrx_word' id='word_1_288' title='bbox 1639 3976 1775 4039; x_wconf 85' lang='lat' dir='ltr'><strong>loca</strong></span> <span class='ocrx_word' id='word_1_289' title='bbox 1800 3976 1982 4049; x_wconf 79' lang='lat' dir='ltr'><strong>facto,</strong></span> <span class='ocrx_word' id='word_1_290' title='bbox 2007 3974 2223 4037; x_wconf 85' lang='lat' dir='ltr'><strong>eollem</strong></span> 
     </span>
    </p>
   </div>
   <div class='ocr_carea' id='block_1_4' title="bbox 850 4138 1708 4205">
    <p class='ocr_par' dir='ltr' id='par_1_6' title="bbox 850 4138 1708 4205">
     <span class='ocr_line' id='line_1_38' title="bbox 850 4138 1708 4205; baseline -0.002 -13"><span class='ocrx_word' id='word_1_291' title='bbox 850 4142 913 4192; x_wconf 78' lang='lat'><strong>12</strong></span> <span class='ocrx_word' id='word_1_292' title='bbox 943 4138 1080 4193; x_wconf 79' lang='lat' dir='ltr'><strong>Edd-</strong></span> <span class='ocrx_word' id='word_1_293' title='bbox 1101 4146 1220 4191; x_wconf 74' lang='lat' dir='ltr'><strong>aut·</strong></span> <span class='ocrx_word' id='word_1_294' title='bbox 1241 4140 1397 4191; x_wconf 70' lang='grc' dir='ltr'><strong>θην.</strong></span> <span class='ocrx_word' id='word_1_295' title='bbox 1415 4154 1708 4205; x_wconf 67' lang='lat' dir='ltr'><strong>opp-gum.</strong></span> 
     </span>
    </p>
   </div>
   <div class='ocr_carea' id='block_1_5' title="bbox 1099 4264 1460 4289">
    <p class='ocr_par' dir='ltr' id='par_1_7' title="bbox 1099 4264 1460 4289">
     <span class='ocr_line' id='line_1_39' title="bbox 1099 4264 1460 4289; baseline -0.003 -1"><span class='ocrx_word' id='word_1_296' title='bbox 1099 4264 1460 4289; x_wconf 58' lang='lat' dir='ltr'><strong>&#39;mum</strong></span> 
     </span>
    </p>
   </div>
   <div class='ocr_carea' id='block_1_6' title="bbox 877 4330 1640 4386">
    <p class='ocr_par' dir='ltr' id='par_1_8' title="bbox 877 4330 1640 4386">
     <span class='ocr_line' id='line_1_40' title="bbox 877 4330 1640 4386; baseline 0 -2"><span class='ocrx_word' id='word_1_297' title='bbox 877 4330 908 4367; x_wconf 67' lang='lat'><strong><em>⁴</em></strong></span> <span class='ocrx_word' id='word_1_298' title='bbox 940 4332 1005 4385; x_wconf 83' lang='grc' dir='ltr'><strong>Α.</strong></span> <span class='ocrx_word' id='word_1_299' title='bbox 1023 4332 1094 4385; x_wconf 76' lang='lat'><strong>11.</strong></span> <span class='ocrx_word' id='word_1_300' title='bbox 1118 4332 1180 4383; x_wconf 84' lang='lat' dir='ltr'><strong>C.</strong></span> <span class='ocrx_word' id='word_1_301' title='bbox 1203 4335 1319 4385; x_wconf 75' lang='lat'><strong>⁵8⁸.</strong></span> <span class='ocrx_word' id='word_1_302' title='bbox 1353 4332 1419 4384; x_wconf 77' lang='lat' dir='ltr'><strong>A.</strong></span> <span class='ocrx_word' id='word_1_303' title='bbox 1443 4332 1505 4385; x_wconf 81' lang='lat' dir='ltr'><strong>C.</strong></span> <span class='ocrx_word' id='word_1_304' title='bbox 1525 4336 1640 4386; x_wconf 79' lang='lat'><strong>219.</strong></span> 
     </span>
    </p>
   </div>
  </div>
 </body>
</html>
