3300 5225
999 516 1149 565 mn.
1194 515 1404 569 xxn.
1450 518 1618 567 cAr.
1659 503 1771 567 54.
2308 503 2484 576 1867

275 661 507 728 nusini
556 681 675 746 per
718 661 1009 728 familias
1035 663 1315 748 benigne
1355 663 1794 750 accipiendos
1831 663 2295 748 curandosque
2325 684 2480 729 cum

278 767 707 846 divisissent,
752 767 821 832 in
878 766 1183 850 singulos
1225 769 1487 852 equites
1534 775 1732 852 togas
1777 773 1846 832 et
1889 767 2158 833 tunicas
2201 777 2268 832 et
2311 788 2477 853 qua·

276 869 579 954 drigatos
620 889 929 936 nummos
972 871 1215 956 quinos
1263 873 1554 951 vicenos,
1608 877 1677 937 et
1721 871 2065 955 peditibus
2113 871 2350 952 denoS,
2413 878 2483 938 et

278 993 491 1052 arma,
521 974 771 1059 quibus
800 975 1097 1055 deerant,
1118 976 1464 1042 dederunt.
1553 974 1921 1060 Ceteraque
1943 975 2212 1061 publice
2237 995 2320 1040 ac
2346 976 2484 1060 pri-

276 1079 492 1143 vatim
522 1079 947 1164 hospitaliter
974 1079 1199 1146 factat
1245 1084 1728 1164 certatumque,
1760 1099 1842 1144 ne
1875 1099 1918 1145 a
1945 1078 2228 1144 muliere
2261 1076 2484 1144 Canu-

280 1181 439 1249 sina
479 1183 777 1266 populus
807 1181 1193 1250 Venusinus
1238 1182 1481 1249 officiis
1532 1185 1934 1250 vinceretur.
2041 1181 2173 1248 Sed
2217 1183 2486 1267 gravius

280 1305 455 1350 onus
484 1285 695 1350 Busae
721 1283 772 1327 ‘⁶
802 1287 1155 1354 multitudo
1203 1287 1525 1366 faciebat,
1562 1295 1635 1352 et
1669 1288 1816 1373 jam
1863 1289 1949 1353 ad
2004 1286 2228 1353 decem
2269 1285 2486 1352 millia

278 1387 625 1454 hominum
654 1397 861 1454 erant.
945 1388 1355 1476 Appiusque
1388 1396 1457 1456 et
1482 1391 1800 1474 Scipio,¹⁷
1831 1397 2191 1476 postquam
2229 1389 2486 1457 incolu-

278 1511 459 1558 mem
490 1511 645 1560 esse
675 1493 961 1558 alterum
992 1494 1331 1561 consulem
1362 1501 1793 1580 acceperunt,
1813 1495 2120 1560 nuntium
2141 1494 2486 1579 extemplo

278 1597 584 1676 mittunt,
614 1603 877 1682 quantae
908 1617 1142 1664 secum
1172 1598 1475 1682 peditum
1506 1597 1944 1683 equitumque
1967 1599 2186 1682 copiae
2219 1604 2485 1663 essent:

280 1701 833 1786 sciscitatumque
876 1701 1101 1778 simul,
1132 1708 1349 1767 utrum
1378 1700 1754 1768 Venusiam
1802 1701 2048 1767 adduci
2089 1701 2486 1780 exercitum,

280 1821 373 1867 au
402 1823 667 1872 manere
700 1806 969 1891 juberet
998 1804 1325 1870 Canusii?
1413 1802 1632 1871 Varro
1669 1806 1822 1890 ipse
1854 1804 2220 1870 Canusium
2251 1803 2490 1888 copias

280 1905 613 1974 traduxit.
682 1909 776 1975 Et
806 1910 950 1995 jam
980 1909 1209 1994 aliqua
1242 1909 1503 1994 species
1534 1907 1905 1974 consularis
1935 1907 2276 1972 exercitus
2306 1915 2488 1986 erat,-

278 2013 761 2098 moenibusque
806 2032 883 2079 se
929 2019 1127 2092 certe,
1179 2013 1237 2078 si
1272 2033 1412 2078 non
1461 2015 1689 2092 armiS,
1719 2013 1808 2078 ab
1847 2011 2045 2077 hoste
2094 2009 2490 2077 videbantur

282 2115 651 2183 defensuri.
741 2117 1051 2197 Romam,
1112 2136 1193 2182 ue
1253 2117 1377 2182 has
1424 2116 1694 2201 quidem
1749 2115 2074 2200 reliquias
2135 2131 2490 2198 superesse

278 2219 539 2286 civium
590 2221 1089 2306 sociorumque,
1142 2220 1258 2286 sed
1306 2219 1656 2286 occidione
1705 2220 1976 2284 occisos
2015 2239 2170 2284 cum
2223 2217 2491 2282 duobus

278 2325 695 2389 exercitibus
737 2323 1127 2404 consules,¹⁸
1168 2323 1560 2408 deletasque
1612 2342 1846 2389 omnes
1893 2322 2159 2407 copiaS,
2208 2321 2494 2386 allatum

278 2425 530 2494 suerat.
620 2428 1007 2515 Nunquam,
1048 2428 1241 2494 salva
1280 2428 1470 2507 urbe,
1508 2431 1762 2493 tautum
1809 2427 2086 2511 pavoris
2132 2425 2492 2490 tumultus-

278 2551 423 2619 que
466 2532 642 2598 intra
678 2532 926 2599 moeuia
954 2532 1265 2599 Romana
1306 2531 1453 2596 suit.
1544 2529 1784 2617 Itaque
1817 2529 2250 2595 succumbam
2286 2528 2492 2605 oneri,

279 2654 515 2721 neque
544 2635 884 2720 aggrediar
912 2654 1197 2715 narrare,
1232 2656 1388 2721 qua>
1418 2633 1887 2699 edissertando
1914 2634 2173 2698 minora
2208 2652 2361 2698 vero
2393 2631 2492 2695 fe·

280 2746 533 2805 cero.'⁹
619 2739 908 2806 Consule
954 2741 1389 2825 exercituque
1420 2738 1506 2804 ad
1536 2737 2008 2803 Trasimenum
2063 2736 2278 2821 priore
2317 2754 2490 2799 anno

280 2844 573 2923 amisso,
591 2862 723 2908 uon
752 2844 995 2909 vulnus
1026 2864 1227 2929 super
1251 2844 1580 2922 vulnus,²0
1599 2850 1639 2879 ¹¹³
1673 2839 1796 2907 sed
1829 2840 2186 2925 multiplex
2217 2838 2494 2916 clades:

280 2967 441 3013 cum
474 2946 741 3013 duobus
770 2948 1161 3013 consulibus
1214 2948 1391 3014 duo¹
1446 2947 1832 3013 consulares
1875 2944 2212 3009 exercitus
2259 2942 2496 3007 amissi

278 3053 855 3118 nuntiabantur-:²
905 3072 1030 3118 nec
1076 3054 1213 3119 ulla
1246 3053 1389 3139 jam
1432 3057 1656 3117 castra
1683 3050 2044 3128 ‘Romana,
2073 3066 2200 3113 nec
2231 3046 2494 3124 ducem,

279 3178 411 3222 nec
440 3156 717 3222 militem
748 3176 941 3222 esse:
991 3156 1395 3221 Hannibalis
1440 3153 1788 3239 Apuliam,
1839 3151 2187 3218 Samnium
2227 3169 2309 3214 ac
2344 3148 2495 3233 jam

281 3279 515 3345 prope
577 3264 783 3327 totam
846 3260 1113 3327 Italiam
1170 3260 1446 3327 factam.
1536 3258 1748 3325 Nulla
1799 3256 2096 3342 profecto
2147 3252 2286 3318 alia
2331 3272 2496 3337 gens

347 3466 375 3491 ⁰
410 3458 539 3508 Post
566 3460 851 3510 Flaminium
866 3474 961 3509 ces.
978 3474 1083 3509 cum
1102 3458 1317 3509 exercitu
1335 3471 1524 3513 cesum,
1548 3470 1641 3506 non
1663 3460 1849 3505 tantum
1863 3454 2033 3504 calnae
2051 3466 2222 3502 nevum
2238 3448 2316 3499 im·
2335 3460 2497 3511 super-

282 3524 513 3575 additum
532 3526 738 3591 maeri,
758 3528 842 3576 sed
861 3527 1018 3576 clades
1038 3540 1142 3589 Μ
1164 3526 1419 3575 mitur-nm
1438 3524 1533 3572 loco
1553 3524 1636 3578 sit,
1660 3524 1742 3586 &c-

1212 3656 1272 3678 OO
1276 3656 1423 3677 Ome
1456 3657 1577 3678 0000

352 3768 425 3815 1ss
464 3763 609 3815 Olim
630 3763 919 3827 legebatur,
937 3762 1035 3814 Sed
1058 3760 1259 3812 Canusii
1284 3761 1485 3823 gravius
1506 3775 1623 3811 onus
1646 3760 1812 3809 Busoe.
1818 3762 1942 3808 -17
1977 3758 2099 3805 vet.
2122 3754 2214 3804 lib.
2235 3751 2418 3815 Appius
2447 3753 2494 3799 et

284 3829 901 3917 &ipim—18‘0ccium
1000 3828 1265 3879 ‚connum
1300 3826 1431 3876 Edd.
1469 3834 1599 3876 vett.
1637 3825 1876 3875 occisum.
1979 3818 2398 3871 mansuescent.
2423 3814 2494 3863 vi·

285 3894 469 3947 tiose.⁹
502 3894 687 3945 Str-0110.
723 3895 841 3945 vid.
866 3894 989 3945 Not.
1012 3894 1139 3944 Var.
1146 3896 1271 3943 —19
1306 3892 1469 3955 Olim,
1502 3905 1608 3955 qua
1642 3890 1912 3939 disserendo
1945 3890 2130 3937 minora
2149 3900 2256 3934 cero
2274 3881 2495 3943 facio.—

286 3964 352 4011 2⁰
384 3960 739 4013 scribendum
764 3968 939 4010 monet
959 3959 1013 4011 ,1.
1034 3960 1087 4008 F.
1114 3958 1346 4009 Gronov.
1384 3958 1587 4005 Consule
1607 3956 1907 4019 exercituque
1927 3956 1991 4003 ad
2009 3955 2336 4003 Trasimenum
2355 3959 2492 4009 supe·

286 4028 421 4080 tiore
434 4041 565 4077 anno
594 4028 787 4089 antino,
804 4040 927 4076 nunc
945 4026 1114 4075 valum
1132 4038 1275 4089 super
1293 4022 1461 4073 vulnus
1481 4026 1530 4072 et
1550 4022 1801 4086 multiplex
1822 4022 1996 4071 clades.
1999 4022 2090 4067 -1
2129 4018 2244 4067 Duo
2266 4015 2418 4064 deest
2440 4010 2492 4059 iu

1296 4168 1514 4220 NOTAE

282 4278 301 4289 ‘
354 4284 395 4311 ¹¹
418 4276 543 4325 Non
562 4274 733 4324 culam
748 4288 885 4337 uper
902 4270 1091 4335 aulam]
1118 4270 1363 4321 Placen-et
1440 4268 1607 4317 vulnus
1644 4278 1789 4331 uper
1817 4264 2002 4327 ulam,
2035 4266 2087 4312 et
2127 4258 2374 4323 multiplex
2401 4255 2501 4307 cla·

292 4352 597 4403 emendatio
616 4350 964 4405 Gronoviaua,
982 4348 1025 4398 si
1048 4346 1245 4398 codici·
1269 4346 1362 4396 ali·
1442 4344 1541 4393 des.

293 4430 443 4495 cujus
501 4428 822 4480 auctoritate
876 4428 1163 4477 niteretur=
1222 4424 1365 4475 Nm
