3300 5225
829 512 1040 563 unm
1091 511 1264 563 xix.
1311 512 1955 563 susurnam-uu.
2339 495 2511 565 1611

280 676 450 717 cursu
495 655 606 734 iter
642 676 811 717 suum
852 658 1371 738 prosequebantur,
1399 678 1436 718 e
1474 666 1646 739 portu
1686 656 2071 740 progreditur,
2098 665 2181 730 et,

278 773 402 833 quo
439 755 561 814 suis
599 754 857 814 animum
887 752 1153 828 adderet,
1180 754 1327 835 ipse,
1357 753 1501 815 licet
1534 756 1620 814 uti
1645 754 1797 836 pede
1823 774 1945 815 non
1967 762 2183 837 posset,

279 850 342 911 in
379 852 709 932 praetoriam
732 872 796 912 se
819 850 1248 933 deportandum
1272 860 1463 913 curat.
1528 850 1711 911 Poeni
1735 871 1999 933 quoque,
2030 853 2186 913 viam
2212 860 2345 911 Eutr.

279 948 392 1009 sibi
431 948 810 1010 interclusam
848 958 1174 1021 cernentes,
1202 949 1388 1010 aciem
1416 950 1729 1021 instruunt,
1756 949 1815 1009 vi
1841 950 2184 1031 perrupturi.
2210 957 2383 1026 Polyb.

283 1044 388 1106 Sic
427 1046 719 1127 utrimque
757 1046 925 1126 signo
950 1045 1096 1107 dato
1120 1047 1332 1106 acriter
1356 1045 1745 1117 concurritur,
1764 1066 1870 1127 per
1892 1046 2189 1107 valetudi-

281 1162 420 1203 nem
465 1142 542 1203 C.
571 1143 816 1215 Lutatii,
847 1162 982 1224 quae
1022 1143 1250 1205 vicibus
1289 1164 1424 1203 eum
1465 1143 1589 1203 suis.
1621 1141 1789 1223 fungi
1816 1144 2187 1224 prohibebat,
2244 1140 2358 1192 th·
2380 1139 2517 1189 Mu·

283 1241 486 1300 omnia
509 1241 876 1322 imperatoris
897 1240 1100 1301 munia
1122 1242 1374 1302 obeunte
1405 1240 1494 1307 Q.
1521 1238 1791 1301 Valerio.
2211 1222 2274 1256 ¹¹⁰
2296 1211 2345 1257 ⁸⁰
2364 1210 2421 1257 θ’

363 1342 466 1401 57.
509 1336 729 1417 Neque
767 1336 870 1397 diu
911 1346 1238 1418 pugnatum
1269 1346 1380 1409 est,
1409 1337 1556 1418 quin
1579 1344 1913 1418 appareret,
1939 1346 2073 1397 utra
2110 1356 2187 1399 ex
2213 1350 2349 1401 Flor.

282 1441 450 1515 parte
491 1432 691 1494 futura
725 1443 880 1495 esset
910 1435 1181 1496 victoria.
1267 1434 1510 1516 Quippe
1551 1453 1761 1513 graves
1792 1442 1854 1493 et
1884 1454 2191 1515 propemo-

282 1527 426 1591 dum
475 1531 809 1592 immobiles
852 1530 1174 1592 Poenorum
1221 1550 1403 1593 naves
1448 1532 1693 1592 arbitrio
1739 1551 1849 1592 suo
1897 1530 2198 1593 Romanae

283 1626 454 1689 leves
486 1636 551 1689 et
588 1628 887 1709 expeditae
927 1628 1316 1701 assultabant,
1341 1629 1554 1689 ceteris
1590 1630 1772 1689 etiam
1806 1629 1981 1691 rebus
2004 1630 2192 1691 omni·

283 1724 394 1785 bus
433 1724 610 1805 longe
649 1725 1004 1807 superiores:
1056 1725 1338 1807 quicquid
1383 1726 1542 1786 enim
1588 1726 1879 1786 hactenus
1917 1725 2191 1787 infestum
2214 1733 2389 1803 Polyb.
2399 1739 2527 1788 ιω.

281 1822 836 1904 incommodumque
899 1821 1113 1895 fuerat,
1169 1822 1536 1905 experientia
1600 1822 1764 1883 docti
1822 1832 2195 1885 mutaverant

283 1926 803 2001 correxerantque.
911 1918 1126 1981 Naves
1183 1920 1263 1980 ad
1313 1920 1600 2002 optimum
1654 1920 1961 2002 exemplar
2010 1920 2193 1983 fabri·

283 2026 459 2088 catae,
488 2036 670 2076 onera
708 2036 919 2097 pugnae
959 2016 1194 2077 inutilia
1218 2016 1531 2097 diiigenter
1556 2026 1780 2090 amota,
1805 2018 2051 2097 remiges
2088 2038 2195 2079 ex-

286 2114 518 2175 ercitati
568 2113 894 2193 validique,
939 2114 1116 2175 robur
1164 2114 1482 2193 legionum,
1531 2114 1991 2195 haudquaquam
2036 2135 2203 2197 sper-

287 2210 486 2272 nenda
534 2211 614 2271 ad
651 2210 960 2271 victoriam
1007 2220 1306 2272 momenta
1350 2211 1617 2272 aderant.
1720 2211 1947 2272 Contra
1991 2210 2203 2273 Poenis

289 2308 496 2388 gravia
536 2308 810 2368 oneribus
851 2308 1112 2387 navigia,
1139 2328 1344 2369 recens
1383 2307 1599 2369 delecti
1633 2309 1903 2387 remiges,
1936 2318 2019 2381 et,
2046 2310 2198 2371 utin

287 2424 504 2485 magna
528 2406 861 2477 securitate,
889 2404 1279 2485 negligenter}
1323 2425 1514 2485 neque
1533 2406 1689 2465 enim
1710 2404 2019 2467 Romanos
2037 2426 2199 2467 mare

290 2513 680 2572 retentaturus
718 2525 843 2565 esse
884 2510 1281 2585 speraverant.
1363 2502 1549 2583 Ergo,
1577 2505 1663 2564 uti
1705 2524 2006 2565 necessum
2047 2514 2195 2579 erat,
2220 2502 2350 2555 mor.

289 2603 352 2665 in
392 2610 522 2662 tam
561 2602 772 2682 impari
814 2602 1153 2674 certamine,
1181 2621 1300 2663 non
1338 2599 1518 2680 longa
1557 2601 1821 2662 victoriae
1858 2622 2024 2663 mora
2061 2602 2194 2671 fuit,
2219 2601 2401 2670 Polyb.

293 2699 553 2760 Oentum
595 2707 658 2758 et
696 2698 908 2778 viginti
953 2699 1206 2758 navibus
1250 2698 1496 2770 amissis,
1536 2718 1782 2780 quarum
1826 2700 2199 2780 septuaginta

290 2817 427 2858 enm
469 2796 614 2876 ipsis
649 2795 980 2856 hominibus
1019 2794 1240 2874 (millia
1279 2795 1462 2855 ferme
1496 2794 1703 2855 decem
1744 2793 1970 2875 erant)¹
2004 2805 2197 2878 captae
2221 2833 2373 2886 Diod.

291 2902 448 2966 sunt,
501 2893 704 2964 ceteri,
757 2892 1169 2973 percommode
1213 2899 1443 2954 mutato
1495 2893 1646 2952 inter
1698 2911 1909 2973 pugnae
1967 2901 2198 2978 tempus
2219 2899 2392 2967 Polyb.

291 2998 494 3062 rento,
522 2987 964 3050 Hieronnaeum
988 2987 1131 3067 fuga
1157 2995 1486 3050 evaserunt.

373 3093 475 3147 68.
521 3083 684 3147 Haec
725 3093 816 3146 est
855 3085 964 3146 illa
1002 3084 1214 3147 nobilis
1254 3083 1578 3147 Poenorum
1603 3085 1685 3146 ad
1710 3085 1955 3165 AEgates
1980 3086 2204 3147 insulas

291 3182 521 3256 clades,
548 3181 1042 3263 quemadmodum
1084 3201 1123 3242 a
1147 3180 1415 3262 Polybio
1439 3183 1699 3242 maxime
1738 3181 2036 3263 descripta
2074 3193 2197 3244 est:
2254 3179 2393 3233 Eue.
2454 3189 2513 3232 αἱ

293 3299 434 3342 nam
473 3278 578 3339 alii
619 3279 931 3362 scriptores
963 3287 1172 3360 captas
1203 3299 1389 3340 naves
1409 3285 1529 3338 tres
1555 3287 1618 3338 et
1641 3279 2033 3361 septuaginta,
2060 3300 2199 3342 cen·
2225 3245 2371 3362 gfff*
2426 3263 2502 3298 ’γ’

291 3385 420 3438 tum
458 3376 672 3456 viginti
713 3377 972 3457 quinque
1014 3373 1330 3448 demersas,
1355 3375 1475 3435 duo
1513 3384 1576 3435 et
1599 3375 1841 3454 triginta
1864 3375 2057 3437 millia
2094 3377 2203 3438 ho-

293 3474 522 3536 minum
561 3481 760 3554 capta,
803 3472 1086 3536 tredecim
1125 3472 1316 3536 millia
1352 3491 1508 3533 coesa
1551 3471 1893 3533 retulerunt.
1975 3471 2203 3534 Praeda
2224 3475 2425 3542 Eutrop-

294 3569 410 3632 fuit
447 3571 675 3648 ingens,
702 3589 818 3630 non
859 3569 922 3628 in
961 3577 1294 3630 commeatu
1333 3567 1510 3628 modo
1548 3577 1611 3628 et
1650 3568 1848 3640 armis,
1876 3567 1981 3628 sed
2020 3569 2200 3630 etiam

297 3685 442 3730 auro
495 3676 878 3747 argentoque.
983 3664 1084 3726 Ex
1136 3664 1418 3728 Romana
1465 3665 1653 3726 classe
1704 3686 1887 3727 naves
1934 3667 2201 3727 interiere
2224 3672 2402 3727 Ζοιιιικ

295 3763 630 3826 duodecim.
712 3763 938 3825 Ferunt
977 3763 1058 3824 ab.
1089 3763 1256 3826 initio
1297 3783 1510 3846 pugnae
1543 3772 1917 3844 conspectam
1957 3763 2017 3823 in
2052 3764 2204 3825 coelo

293 3881 474 3944 snpra
515 3860 825 3922 Romanas
866 3880 1046 3922 naves
1077 3858 1297 3932 facem,
1317 3859 1572 3922 Punicae
1603 3859 1779 3920 classi
1801 3859 1968 3921 velut
1989 3858 2204 3921 infesta

293 3957 540 4041 cuspide
591 3958 980 4032 minitantem,
1029 3959 1374 4039 presagium
1423 3966 1667 4019 eventus
1715 3976 1855 4018 mox
1900 3958 2208 4020 consecuti

361 4155 381 4192 ⁸
397 4155 893 4218 Miniusermedeoem
904 4155 1064 4219 erent]
1081 4154 1210 4207 Dio·
1279 4157 1354 4206 lat
1379 4155 1700 4217 nominatim,
1721 4161 1943 4218 quatuor
1964 4154 2127 4208 millia
2144 4161 2205 4206 et

296 4221 474 4278 dorus.
498 4225 588 4286 qni
610 4223 694 4272 liic
723 4224 914 4273 citatur
945 4223 1114 4279 testis,
1135 4223 1206 4270 ait
1279 4221 1644 4286 quadraginta.
1688 4221 1914 4272 Videtur
1935 4221 2066 4270 duos
2088 4221 2201 4270 hos·

293 4302 388 4340 nex
414 4288 576 4339 millia
600 4288 1129 4352 Carthaginiensium,
1153 4294 1214 4335 ut
1281 4303 1342 4338 ce
1365 4301 1605 4337 numeros
1636 4286 1935 4350 impruden·
1956 4286 2202 4351 conjunx·

295 4351 468 4404 refert
495 4352 753 4418 Philinus,
786 4359 940 4416 capta
974 4365 1122 4414 οπεος
1155 4357 1214 4403 ut
1281 4353 1384 4403 isse
1407 4351 1806 4404 Freinshemius.
1861 4351 2112 4416 Polybius
2130 4351 2198 4400 de

298 4419 390 4470 alii
419 4418 728 4484 scriptores,
749 4433 879 4485 qnos
909 4432 1009 4470 non
1031 4418 1214 4486 appel·
1283 4431 1496 4470 nurnero
1518 4418 1841 4484 captivorum
1874 4415 2015 4468 silet.
2052 4416 2197 4470 cm.
