3300 5225
768 447 943 517 1888
1707 463 1777 512 τ.
1827 461 2014 512 mvn

770 630 947 696 suit:
992 627 1189 707 alios,
1232 647 1375 714 prm
1420 645 1495 692 se
1538 631 1764 692 aetam
1813 623 2112 710 proedam
2163 641 2254 689 ex
2305 623 2482 708 agris
2523 628 2954 706 ostentantes,

772 729 1165 816 obequitare
1196 730 1407 814 portis
1426 728 1658 816 jussit.
1703 727 1787 793 In
1819 746 2016 812 quos,
2048 727 2212 813 quia
2237 747 2358 794 nee
2385 727 2582 794 multi
2611 733 2682 793 et
2707 728 2953 794 incom-

768 833 975 918 positi
1008 833 1431 909 videbantur,
1463 850 1615 898 cum
1636 839 1858 897 turma
1877 831 2179 916 equitum
2209 831 2571 917 erupisset,
2602 833 2690 896 ab
2719 831 2954 897 ceden-

768 937 957 1002 tibus
1008 935 1315 1002 consulto
1372 943 1591 1002 tracta
1646 933 1716 1001 in
1775 934 2078 1013 insidias,
2126 935 2578 1000 circumventa
2624 943 2778 1000 est:
2835 954 2956 1000 nee

770 1039 1097 1106 evasisset
1125 1039 1501 1124 quisquam,
1532 1037 1603 1103 ni
1624 1045 1646 1086 ⁵
1697 1056 1880 1103 mare
1902 1038 2350 1123 propinquum
2387 1044 2460 1102 et
2500 1035 2682 1102 baud
2725 1037 2954 1122 procul

768 1141 991 1208 littore
1022 1158 1256 1219 naves,
1274 1141 1658 1227 piscatorioe
1688 1141 2052 1226 pleraeque,
2081 1145 2468 1226 conspectae
2497 1141 2737 1224 peritis
2757 1139 2955 1206 nandi

769 1244 1121 1311 dedissent
1154 1243 1490 1328 effugium.
1576 1242 1864 1328 Aliquot
1909 1251 2128 1309 tamen
2173 1263 2258 1308 eo
2287 1243 2524 1328 praelio
2553 1242 2816 1308 nobiles
2849 1244 2956 1326 ju-

769 1365 979 1412 venes
1010 1347 1189 1430 capti
1220 1346 1517 1432 eaesique
1534 1354 1692 1412 sunt
1714 1365 1732 1412 z
1753 1343 1782 1384 ⁶
1811 1345 1978 1410 inter
2007 1364 2178 1430 quos
2199 1353 2272 1410 et
2301 1345 2577 1430 Hegeas
2608 1345 2956 1431 praefectus

770 1449 1099 1534 equitum,
1148 1448 1704 1532 intemperantius
1753 1447 2069 1512 cedentes
2117 1455 2416 1525 secutus,
2461 1446 2762 1512 cecidit.⁷
2848 1444 2956 1512 Ab

770 1553 937 1618 urbe
964 1551 1415 1636 oppugnanda
1459 1548 1750 1616 Poennm
1791 1550 2208 1616 absterruere
2223 1549 2250 1590 ⁸
2286 1558 2654 1636 conspecta
2691 1549 2952 1628 moenia,

767 1655 1285 1739 haudquaquam
1308 1660 1576 1738 promta
1602 1652 2068 1738 oppugnanti.⁸

854 1758 921 1824 2.
969 1757 1137 1822 Inde
1169 1754 1477 1842 Capuam
1503 1755 1716 1822 flectit
1741 1755 1891 1834 iter,
1938 1755 2388 1822 luxuriantem
2417 1756 2614 1838 longa
2639 1756 2955 1822 felicitate

770 1867 973 1946 atque
1023 1858 1431 1942 indulgentia
1474 1859 1790 1938 foi-tunm,
1825 1861 2122 1925 maxime
2161 1863 2412 1936 tamen,
2445 1861 2618 1925 inter
2649 1867 2960 1944 corrupta

771 1964 1021 2044 omnia,
1064 1963 1343 2028 licentia
1385 1963 1631 2049 plebis,
1679 1963 1826 2028 sine
1875 1962 2080 2028 modo
2127 1962 2508 2028 libertatem
2569 1965 2957 2029 exercentis.

770 2065 1081 2133 Senatum
1113 2072 1181 2131 et
1210 2065 1343 2131 sibi
1382 2074 1450 2134 et
1479 2066 1662 2152 plebi
1709 2067 2072 2131 obnoxium
2107 2063 2492 2131 Pacuvius⁹
2521 2063 2842 2131 Calavius
2871 2065 2960 2129 fe·

769 2174 994 2251 cerat3
1038 2167 1279 2233 nobilis
1308 2168 1485 2234 idem
1510 2187 1593 2234 ac
1620 2169 1972 2254 popularis
2016 2168 2243 2246 home,
2271 2173 2561 2233 ceterum
2593 2169 2790 2233 malis
2815 2169 2958 2232 arti·

767 2271 899 2338 bus
948 2279 1235 2337 nanctus
1256 2277 1309 2309 ¹⁰
1356 2292 1550 2357 opes.
1638 2272 1714 2336 Is
1755 2292 1910 2338 cum
1953 2292 2033 2338 eo
2061 2273 2228 2339 forte
2257 2290 2454 2350 anno,
2479 2291 2618 2357 quo
2643 2291 2757 2336 res
2789 2269 2958 2337 male

768 2381 955 2458 gesta
984 2373 1069 2440 ad
1113 2372 1575 2440 Trasimenum
1606 2383 1735 2453 est,
1765 2375 1831 2440 in
1875 2394 2141 2442 summo
2171 2375 2551 2456 magistratu
2575 2381 2784 2455 esset,
2819 2373 2960 2458 jam

770 2475 890 2541 din
910 2476 1219 2542 infestam
1248 2478 1508 2544 senatui
1538 2477 1795 2563 plebem
1825 2485 2033 2558 ratus,
2059 2499 2184 2564 per
2211 2477 2641 2543 occasionem
2669 2475 2958 2543 novandi

767 2599 903 2659 res,
931 2599 1245 2665 magnum
1288 2599 1601 2646 ausuram
1646 2580 1928 2662 facinus,
1960 2589 2061 2661 ut,
2091 2582 2153 2647 si
2198 2582 2266 2648 in
2305 2601 2390 2647 ea
2429 2581 2587 2647 loca
2618 2577 2960 2647 Hannibal

770 2702 921 2749 cum
965 2684 1222 2749 victore
1275 2684 1575 2749 exercitu
1628 2685 1944 2764 venisset,
1991 2686 2333 2751 trucidato
2381 2690 2617 2751 senatu
2673 2684 2962 2750 traderet

771 2783 1077 2870 Capuam
1132 2784 1407 2868 Poenis;
1472 2787 1824 2871 improbus
1873 2786 2101 2867 hemo,
2151 2786 2276 2853 sed
2315 2806 2446 2852 non
2473 2786 2562 2853 ad
2595 2793 2958 2853 extremum

768 2888 1094 2973 perditus,
1137 2908 1292 2955 eum
1342 2887 1579 2955 mallet
1630 2890 1972 2965 incolumi,
2015 2909 2220 2976 quam
2272 2908 2532 2969 eversa,
2577 2908 2647 2955 re
2687 2891 2960 2974 publica

773 2989 1120 3071 dominari,
1164 2992 1412 3058 nullam
1446 2998 1668 3059 autem
1715 2992 2119 3059 incolumem
2163 3012 2318 3059 esse
2357 2994 2660 3059 orbatam
2691 2993 2960 3077 publico

772 3093 1055 3161 consilio
1100 3094 1416 3174 crederet,
1446 3094 1768 3161 rationem
1810 3095 1985 3175 iniit,
2017 3115 2156 3181 qua
2197 3104 2268 3161 et
2311 3102 2610 3163 senatum
2655 3102 2961 3175 servaret,

772 3204 845 3263 et
875 3197 1243 3264 obnoxium
1284 3198 1415 3264 sibi
1461 3218 1545 3264 ac
1587 3200 1769 3284 plebi
1812 3199 2091 3265 faceret.
2181 3198 2457 3267 Vocato
2497 3206 2754 3279 senatu,
2785 3218 2958 3277 cum,

774 3304 797 3334 ‘
813 3300 945 3367 sibi
990 3300 1391 3368 defectionis
1436 3302 1525 3367 ab
1582 3301 1908 3369 Romanis
1951 3302 2303 3371 eonsilium
2345 3303 2748 3390 placiturum
2779 3301 2960 3369 nullo

838 3467 861 3501 ι
898 3468 1936 3535 Qum-aasasoemmpoem.

774 3702 881 3749 vet.
904 3694 991 3747 nb.
1015 3694 1154 3761 apud
1178 3695 1352 3755 Sinon.
1386 3699 1664 3763 ponite-5
1697 3699 1786 3753 Al.
1831 3702 2044 3753 αἰαῖ-8
2077 3702 2220 3753 Olim
2255 3700 2546 3767 legebatur,
2577 3699 2757 3751 nobile·
2777 3698 2966 3761 juvem

774 3763 887 3814 cmi
906 3767 1132 3813 unt—7
1166 3762 1305 3813 Inter
1326 3780 1441 3829 quos
1454 3772 1503 3815 et
1528 3764 1727 3828 Hegeas
1737 3768 2010 3831 prasentia,
2031 3772 2115 3833 ξε.
2134 3768 2388 3832 ,fagientoe
2401 3772 2595 3817 matus
2619 3766 2812 3817 cecidit.
2855 3765 2962 3815 Vox

773 3830 957 3878 ultima
976 3826 1113 3878 hand
1136 3826 1294 3878 dubie
1314 3830 1461 3879 venit
1476 3830 1545 3881 ab
1568 3846 1651 3896 eo,
1673 3834 1761 3897 qui
1781 3834 1981 3884 Livium
1999 3834 2272 3898 ignoravit.
2337 3832 2496 3883 Certe
2513 3846 2612 3896 ego
2635 3845 2730 3895 pro
2753 3832 2962 3883 Liviam

776 3896 1079 3945 nullatenus
1102 3892 1393 3946 admittam.
1461 3892 1613 3945 Infra
1646 3912 1766 3960 cap.
1801 3902 1883 3949 8⁸.
1919 3905 1934 3927 ⁸
1953 3898 2016 3949 In
2053 3900 2190 3949 banc
2209 3898 2594 3949 dimicationem
2617 3911 2798 3949 omnes
2821 3910 2963 3960 reges

774 3968 1067 4077 5:⁰22&ss
1082 3958 2026 4079 fffssssssffiss'ssss‘fl‘bissssiir‘ffssssl
2036 3964 2312 4080 ‘’¹¹1‘¹³¹·'¹''¹'
2335 3962 2682 4079 Μῗῖἓῖἕω
2703 3961 2838 4013 “¹''
2901 3962 2964 4011 Β

1063 4056 1079 4071 .
1228 4059 1241 4075 .
2031 4061 2047 4078 .
2127 4044 2202 4079 eri
2243 4044 2306 4079 ne
2327 4044 2394 4079 an
2421 4044 2452 4079 e
2584 4044 2702 4079 nov.

838 4040 1207 4155 opugendum
1232 4097 1385 4156 putat
1404 4091 1585 4157 Sigon.
1604 4092 1847 4143 Poenum.
1909 4093 1974 4145 In
1996 4044 2126 4146 vetti.
2141 4095 2214 4146 lib
2253 4131 2268 4147 .
2287 4101 2370 4147 est
2390 4094 2752 4148 Pactam—1⁰
2786 4097 2966 4148 Num

1759 4223 1975 4277 »101⁸AE

775 4316 878 4368 tuit
912 4316 1240 4381 Mopsiorum.-
1274 4318 1548 4369 Cluverlnn
1584 4318 1832 4370 Statiano·
1916 4322 1990 4373 tio
2011 4328 2146 4373 erat.

769 4407 879 4443 m
896 4392 1062 4459 legin
1092 4392 1186 4444 sed
1208 4392 1321 4445 boc
1344 4394 1507 4461 ipsin-
1528 4396 1702 4447 Trebii
1723 4394 1830 4447 fac·
