3300 5225
988 569 1135 618 mn.
1182 567 1389 618 xxn.
1434 569 1597 618 cn.
1638 552 1748 618 59.
2289 551 2464 620 1873

258 716 459 782 simul
488 715 795 783 felicitati
822 723 894 780 et
922 717 1143 784 virtuti
1176 716 1470 783 cedatur.
1538 715 1775 801 Itaque
1805 713 2168 780 redimendi
2193 733 2268 780 se
2295 733 2461 800 cap-

256 820 425 886 tivis
453 821 721 905 copiam
746 819 985 885 facere.
1072 820 1372 886 Pretium
1403 818 1546 885 fore
1572 819 1643 884 in
1672 818 1920 903 capita,
1945 818 2158 902 equiti
2183 817 2456 902 quinge-

258 943 393 989 nos
420 923 853 1008 quadrigatos
882 943 1213 1001 nummoS,
1244 929 1549 990 trecenos
1575 919 1817 1007 pediti,
1845 941 2044 988 servo
2073 919 2457 986 centenos-'³

266 1024 673 1113 Quanquam
696 1027 1113 1112 aliquantum
1136 1027 1576 1112 adjiciebatur
1590 1026 1932 1111 equitibus
1951 1024 2036 1091 ad
2061 1022 2130 1090 id
2152 1025 2455 1109 pretium,

264 1130 497 1214 qu0d⁴
554 1130 946 1215 pepigerant
988 1129 1313 1196 dedentes
1356 1149 1476 1213 se3
1521 1130 1660 1196 laeti
1705 1135 1932 1196 tamen
1966 1148 2459 1216 quamcumque

262 1231 725 1298 conditionem
754 1233 1143 1318 paciscendi
1174 1240 1601 1319 acceperunt.
1707 1232 1978 1300 Placuit
2007 1231 2324 1316 suffragio
2353 1233 2456 1317 ip-

262 1354 497 1400 sorum
516 1343 543 1384 5
586 1336 821 1402 decem
849 1335 1076 1419 deligi,
1106 1337 1225 1422 qui
1258 1335 1549 1402 Romam
1574 1336 1663 1402 ad
1691 1343 1996 1402 senatum
2026 1337 2218 1402 irent.
2309 1334 2458 1402 Nec

260 1439 513 1523 pignus
538 1438 726 1506 aliud
753 1439 934 1516 fidei,
966 1459 1167 1524 quam
1192 1446 1263 1506 ut
1276 1440 1583 1526 jurarent
1596 1459 1674 1505 se
1700 1440 2053 1518 redituros,
2072 1448 2454 1525 acceptum.

258 1539 531 1607 Missus
576 1561 729 1608 cum
772 1541 879 1608 his
924 1541 1245 1608 Carthalo
1290 1541 1541 1609 nobilis
1587 1542 2183 1626 Carthaginiensis,
2211 1543 2353 1629 qui,
2395 1543 2456 1608 si

258 1643 431 1710 forte
461 1644 549 1710 ad
570 1665 810 1729 pacem
838 1646 1229 1713 inclinarent
1246 1645 1533 1727 animos,
1559 1646 1988 1712 conditiones
2018 1644 2240 1712 ferret.
2283 1645 2454 1712 Cum

258 1748 515 1830 egressi
546 1751 788 1815 castris
818 1753 1062 1827 essent,
1094 1766 1265 1813 unus
1293 1767 1380 1814 ex
1400 1747 1512 1827 iis,
1540 1747 1814 1814 minime
1841 1748 2140 1814 Romani
2167 1749 2412 1832 ingenii
2430 1757 2458 1797 ⁸

257 1850 487 1930 homo,
523 1853 705 1918 velut
733 1853 989 1938 aliquid
1011 1849 1319 1932 oblitus,⁶
1344 1851 1517 1937 juris
1533 1852 1810 1936 jurandi
1839 1852 2152 1919 solvendi
2173 1849 2202 1888 ⁵
2246 1872 2454 1920 causa

261 1975 421 2020 cum
441 1956 513 2021 in
532 1961 749 2022 castra
771 1957 1071 2034 redisset,
1095 1965 1249 2022 ante
1266 1963 1535 2024 noctem
1558 1958 1844 2023 comites
1863 1957 2270 2042 assequitur.
2315 1956 2457 2023 Ubi

258 2077 389 2124 eos
422 2059 708 2126 Romam
736 2062 959 2128 venire
987 2063 1365 2127 nuntiatum
1394 2066 1519 2139 est,
1549 2060 1932 2128 Carthaloni
1961 2061 2232 2127 obviam
2263 2061 2458 2127 lictor

258 2163 536 2242 missus,
590 2166 709 2250 qui
768 2165 1118 2232 dictatoris
1179 2165 1406 2231 verbis
1454 2166 1814 2247 nuntiaret,
1861 2171 1936 2232 ut
1985 2172 2139 2231 ante
2185 2172 2452 2231 noctem

258 2267 625 2334 excederet
647 2269 895 2336 finibus
925 2269 1279 2336 Romanis.

346 2368 459 2433 59.
505 2371 777 2456 Legatis
806 2373 1223 2457 captivorum
1268 2375 1537 2438 senatus
1581 2373 1670 2438 ab
1715 2371 2040 2439 dictatore
2081 2372 2282 2439 datus
2321 2380 2455 2439 est.

262 2467 569 2549 Quorum
613 2477 927 2562 princeps
972 2475 1074 2543 Μ.
1120 2476 1394 2556 Iunius,
1442 2481 1463 2511 ‘
1483 2474 1722 2541 Patres
1763 2473 2176 2560 conscripti,’
2215 2476 2452 2561 inquit,

264 2579 287 2610 ‘
313 2595 518 2644 nemo
564 2587 861 2649 nostrum
906 2582 1220 2666 ignorat,⁷
1290 2579 1461 2648 nulli
1508 2599 1808 2667 unquam
1861 2579 2122 2648 civitati
2177 2579 2452 2647 viliores

259 2680 477 2747 fuisse
525 2686 855 2770 captivos,
896 2707 1094 2773 quam
1143 2692 1413 2753 nostrae.
1502 2684 1832 2767 Ceterum,
1881 2685 2014 2751 nisi
2055 2684 2254 2750 nobis
2297 2685 2452 2769 plus

250 2782 447 2867 justo
478 2796 711 2854 nostra
739 2790 965 2874 placet
994 2810 1230 2870 causa,
1260 2810 1391 2855 nou
1422 2788 1539 2855 alii
1570 2808 1866 2874 unquam
1887 2789 2104 2855 minus
2123 2788 2450 2872 negligen-

262 2887 331 2952 di
362 2891 578 2970 vobis,
602 2911 802 2977 quam
830 2913 983 2974 nos,
1008 2894 1078 2960 in
1108 2893 1401 2960 hostium
1425 2896 1830 2977 potestatem
1857 2899 2203 2957 venerunt.
2293 2889 2362 2955 N
2365 2910 2454 2955 on

262 2994 439 3057 enim
468 2996 537 3061 in
564 2996 713 3061 acie
740 3018 861 3083 per
888 2997 1193 3063 timorem
1214 3016 1399 3062 arma
1415 2994 1808 3061 tradidimus
1830 3014 1849 3077 3
1883 2994 2027 3076 sed,
2051 3014 2204 3059 cum
2236 3013 2452 3079 prope

262 3096 355 3163 ad
382 3108 648 3166 noctem
688 3106 1143 3187 superstantes
1179 3100 1467 3166 cumulis
1511 3088 1840 3165 caesorum
1881 3118 2232 3183 corporum
2281 3120 2452 3184 prae·

257 3200 423 3268 lium
472 3202 1026 3282 extraxissemus,
1060 3202 1131 3267 in
1178 3206 1401 3268 castra
1445 3201 1822 3285 recepimus
1871 3220 2020 3267 nos.
2105 3200 2266 3267 Diei
2303 3202 2455 3267 reli·

259 3324 469 3388 quum
497 3324 581 3372 ac
606 3313 873 3373 noctem
902 3307 1389 3391 insequentem,
1438 3305 1607 3371 fessi
1651 3304 1884 3371 labore
1914 3325 1996 3371 ac
2043 3306 2450 3384 vulneribus,

256 3407 511 3473 vallum
535 3428 767 3474 sumus
798 3410 1048 3476 tutati..
1103 3408 1386 3476 Postero
1417 3408 1551 3487 dic,
1578 3428 1732 3473 cum
1767 3409 2188 3474 circumsessi
2213 3410 2298 3473 ab
2329 3430 2450 3473 ex·-

258 3512 471 3577 ercitu
504 3512 760 3577 victore
790 3532 971 3597 aqua
994 3530 1390 3591 arceremur,
1416 3530 1539 3579 nec
1568 3512 1712 3576 ulla
1727 3511 1872 3597 jam
1915 3532 2029 3596 per
2058 3510 2398 3578 confertos
2423 3512 2448 3550 ⁸

256 3611 495 3681 hostes
538 3616 929 3703 erumpendi
977 3634 1135 3702 spes
1176 3621 1380 3696 esset,
1428 3634 1554 3681 nec
1590 3634 1744 3681 esse
1792 3614 1978 3681 nefas
2030 3614 2450 3695 duceremus,

1172 3780 1535 3802 mOOOm

261 3878 410 3929 abest
432 3894 447 3929 ε
480 3883 759 3943 segregatos
774 3880 921 3931 meio·
938 3879 1078 3945 conj.
1096 3881 1151 3934 J.
1174 3882 1233 3935 F.
1256 3880 1521 3933 Crem—8
1555 3882 1571 3912 ‘
1591 3882 1742 3933 Servo
1759 3886 1980 3933 centeno·
2002 3897 2097 3946 pro
2121 3883 2260 3947 vulg.
2279 3898 2320 3933 s.
2341 3898 2448 3934 cen·

256 3950 357 3994 tun
376 3958 447 3995 ex
477 3956 599 3995 ven·
622 3945 759 3995 libro
787 3947 966 4011 Sigon.
1000 3946 1209 4011 recepi!
1242 3947 1451 4012 Rupere.
1524 3948 1760 3999 Centena
1794 3948 2066 4011 legendum
2093 3956 2266 3999 monet
2288 3950 2444 3999 etiam

256 4010 551 4061 Stroth—4
584 4016 599 4039 ⁶
618 4010 809 4061 Melior
844 4011 970 4075 quo)
1002 4012 1054 4064 J.
1093 4012 1154 4062 F.
1199 4013 1525 4064 otonem—5
1560 4013 1647 4064 Al.
1687 4018 1962 4065 eorum-o
1995 4020 2009 4043 ‘
2028 4014 2154 4065 Put.
2191 4016 2319 4065 velut
2339 4015 2448 4065 iuuat

256 4076 441 4141 aliquid
461 4074 654 4127 oblitum
718 4074 805 4127 Au
825 4078 925 4126 illic
939 4075 983 4127 θ’
1016 4077 1051 4130 J
1057 4111 1071 4127 .
1096 4078 1159 4128 F.
1182 4077 1415 4130 Gronov.

1240 4225 1455 4278 NOTAE

317 4332 343 4372 r
392 4322 603 4375 Minime
637 4323 845 4375 Βοηαιι
883 4323 1093 4388 ingenii]
1142 4322 1317 4375 Aliter
1395 4323 1557 4375 raudo
1591 4338 1649 4375 te
1681 4324 1906 4377 solutum
1939 4321 2179 4389 putabat,
2212 4329 2266 4373 et
2297 4324 2448 4373 ‘erat

255 4416 379 4453 saue
402 4402 569 4467 primo
591 4401 789 4453 Punico
810 4401 947 4452 bello
968 4402 1216 4465 Regulus.
1395 4404 1587 4465 verbis,
1606 4418 1665 4453 re
1689 4417 1788 4455 nou
1809 4402 1962 4470 εει-ιη’
1997 4403 2068 4453 ait
2091 4402 2277 4453 Cicero
2303 4401 2388 4452 lib.
2411 4414 2453 4455 1.

318 4476 345 4512 ¹¹
373 4480 515 4530 auria
529 4479 731 4541 jurandi
741 4478 975 4545 nolendi]
1005 4480 1091 4532 Sic
1107 4480 1313 4546 jureju-
1392 4480 1459 4531 de
1483 4478 1705 4533 Officiis.
