3300 5225
1015 518 1161 568 mn.
1208 514 1380 568 xxi.
1424 515 1593 567 cn».
1634 498 1746 567 58.
2305 496 2480 567 1753

276 664 615 750 Equestre
634 662 937 749 praelinm
956 663 1215 729 interim
1238 664 1710 728 commissum:
1737 661 1804 725 in
1828 678 1990 746 quo,
2018 660 2184 746 quia
2203 662 2480 727 saueius

274 768 625 835 Hannibal
646 786 869 852 pugna
891 766 1215 845 excessit,
1236 784 1487 851 pavore
1502 764 1814 830 hostibus
1833 762 2112 849 injecto,
2136 762 2482 829 defensum

274 872 540 955 egregie
595 870 985 955 praesidium
1042 876 1169 933 est.
1272 869 1656 935 Paucorum
1717 866 1872 932 inde
1932 866 2192 934 dierum
2250 868 2482 955 quiete

272 984 525 1053 sumta,
570 980 642 1038 et
680 973 959 1039 vixdum
990 974 1157 1039 satis
1186 978 1541 1059 percurato
1581 971 1876 1051 vulnere,
1923 970 2008 1038 ad
2057 971 2485 1041 Victumvias

274 1080 374 1145 ire
402 1072 657 1162 pergit¹
686 1076 1201 1162 oppugnandas.
1276 1075 1361 1142 Id
1392 1074 1762 1161 emporium
1794 1095 1838 1140 a
1861 1076 2192 1141 Romanis
2209 1074 2484 1141 Gallico

276 1182 459 1247 bello
486 1181 709 1247 fuerat
740 1181 1088 1247 munitum.
1154 1180 1329 1247 Inde
1357 1180 1589 1246 locum
1618 1177 2206 1263 frequentaverant
2229 1180 2486 1245 accolae

276 1285 479 1350 mixti
513 1283 801 1369 undique
828 1304 919 1349 ex
946 1283 1251 1351 finitimis
1295 1285 1621 1371 populis;
1663 1290 1732 1349 et
1778 1292 1920 1349 tum
1963 1290 2170 1349 terror
2197 1283 2485 1369 popula-

278 1390 543 1453 tionum
573 1408 659 1454 eo
689 1390 1048 1473 plerosque
1079 1408 1169 1455 ex
1201 1388 1381 1473 agris
1410 1387 1854 1471 compulerat.
1945 1386 2178 1473 Hujus
2228 1386 2489 1469 generis

278 1490 676 1571 multitudo,
722 1492 907 1557 fama
955 1493 1235 1578 impigre
1280 1490 1543 1557 defensi
1580 1488 1668 1554 ad
1721 1489 2142 1555 Placentiam
2187 1488 2492 1574 praesidii

279 1610 599 1668 accensa,
626 1590 833 1658 armis
862 1596 1151 1680 arreptis
1174 1593 1447 1660 obviam
1475 1592 1841 1659 Hannibali
1866 1592 2190 1678 procedit.
2255 1592 2490 1675 Magis

280 1698 579 1779 agmina,
618 1715 821 1780 quam
870 1696 1113 1775 acies,¹¹²
1158 1698 1231 1762 in
1272 1696 1387 1762 via
1432 1702 1946 1777 concurrerunt3
1969 1704 2020 1748 ¹⁹
2062 1701 2154 1775 et,
2199 1715 2353 1761 cnm
2397 1713 2492 1760 ex

281 1800 501 1867 altera
559 1808 749 1886 parte
805 1801 991 1880 nibil,
1046 1805 1289 1886 praeter
1345 1798 1756 1865 inconditam
1818 1800 2108 1876 turbam,
2168 1804 2377 1877 esset,
2421 1799 2492 1863 in

278 1904 503 1971 altera
518 1911 588 1970 et
603 1904 745 1969 dux
768 1903 987 1977 militi,
1013 1911 1087 1969 et
1104 1903 1263 1968 duci
1292 1902 1504 1967 fidens
1528 1902 1752 1979 mileS,
1777 1902 1866 1967 ad
1897 1904 2166 1987 triginta
2194 1904 2491 1988 quinque

278 2007 497 2073 millia
528 2008 873 2073 bominum
892 2026 939 2071 a
956 2008 1195 2092 paucis
1216 2006 1393 2073 fusa.
1452 2006 1742 2072 Postero
1761 2005 1896 2084 die,
1924 2005 2267 2072 deditione
2287 2006 2495 2085 facta,

278 2110 677 2196 praesidium
720 2110 900 2176 intra
942 2111 1201 2177 moenia
1229 2130 1598 2196 accepere:
1632 2108 1954 2195 jussique
1999 2129 2187 2176 anna
2229 2108 2495 2176 tradere

281 2233 441 2279 cum
474 2213 657 2281 dicto
689 2214 1095 2298 paruissent,
1142 2215 1399 2299 signum
1440 2220 1719 2298 repente
1768 2213 2132 2279 victoribus
2161 2212 2388 2293 datur,
2416 2217 2496 2279 ut

282 2326 609 2402 tanquam
656 2316 727 2383 vi
779 2324 1048 2402 captam
1086 2318 1321 2383 urbem
1353 2315 1736 2399 diriperent.
1827 2314 2076 2399 Neque
2121 2314 2286 2396 ulla,
2338 2334 2496 2400 quae

280 2422 349 2487 in
376 2420 507 2487 tali
536 2440 609 2485 re
634 2420 1095 2487 memorabilis
1117 2419 1561 2487 scribentibus
1584 2417 1800 2483 videri
1832 2418 2024 2493 solet,
2051 2418 2498 2502 praetermissa

282 2647 511 2696 manae
570 2629 907 2714 superbiae
952 2629 1209 2697 editum
1253 2629 1323 2694 in
1370 2630 1656 2694 miseros
1709 2631 1815 2693 est
1863 2627 2267 2712 exemplum.
2355 2625 2494 2692 Hm

278 2731 475 2798 fuere
498 2732 815 2819 hybernoe
844 2733 1319 2818 expeditiones
1349 2731 1788 2799 Hannibalis.
2276 2780 2282 2788 .

368 2836 483 2902 58.
544 2835 759 2902 Haud
813 2837 1039 2921 longis
1076 2837 1233 2902 inde
1282 2845 1417 2902 tem
1427 2837 1786 2922 poribus,²⁰
1839 2834 2002 2900 dum
2051 2834 2500 2902 intolerabilia

282 2937 543 3023 frigora
584 2947 793 3019 erant,
843 2943 1039 3027 quies
1068 2941 1268 3006 militi
1312 2940 1471 3006 data
1508 2948 1656 3006 est:
1703 2947 1778 3005 et
1807 2941 1894 3006 ad
1924 2940 2146 3024 prima
2176 2958 2260 3005 ac
2292 2938 2501 3005 dubia

283 3042 489 3125 signa
516 3042 693 3107 veris
723 3043 1067 3128 profectus
1112 3063 1201 3109 ex
1250 3044 1590 3131 hybernis,
1634 3043 1706 3108 in
1741 3043 2076 3109 Etruriam
2107 3043 2318 3121 ducit,
2345 3060 2500 3108 eam

282 3163 563 3230 quoque
593 3151 877 3228 gentem,
910 3148 1089 3213 sicut
1116 3145 1356 3212 Gallos
1392 3145 1838 3232 Liguresque,
1868 3143 1985 3213 aut
2015 3148 2083 3212 vi
2112 3154 2234 3212 aut
2262 3145 2504 3211 volun-

282 3253 422 3314 tate
474 3245 938 3334 adjuncturus.
1023 3249 1510 3318 Transeuntem
1558 3247 1989 3335 Apenninum
2010 3258 2030 3289 ¹
2079 3250 2249 3316 adeo
2299 3258 2500 3316 atrox

1214 3414 1581 3438 OOOmOOOOOO

284 3510 504 3630 metu
538 3511 879 3580 stupent—19
908 3515 1049 3568 oli·
1086 3515 1361 3583 legebatur
1391 3517 1560 3582 Magis
1589 3517 1784 3582 nguine
1808 3533 1946 3586 quern
1966 3519 2068 3570 acie
2085 3518 2141 3570 in
2158 3520 2238 3570 oia
2257 3534 2502 3572 concurre-

350 3613 423 3696 2⁰⁰
454 3649 473 3678 ⁸
496 3646 786 3712 Pei-placet
819 3647 1123 3712 conjectura
1141 3646 1195 3700 J.
1224 3647 1285 3700 Ρ.
1306 3647 1581 3710 Gronovii,
1604 3649 1755 3700 Haud
1782 3647 1916 3711 longa·
1937 3649 2048 3700 inde
2069 3651 2293 3715 tempori·
2321 3650 2501 3717 legen·

285 3707 413 3761 dnm
448 3729 567 3764 ene
600 3713 951 3778 suspicantis:
984 3728 1103 3763 nam
1133 3713 1267 3776 quies
1296 3713 1425 3764 hund
1444 3715 1601 3776 long-is
1620 3713 1906 3778 temporibus
1929 3715 2201 3766 durissime
2223 3717 2418 3769 dictum
2443 3724 2502 3769 et

287 3777 379 3827 vix
412 3780 687 3832 Livi-unm
714 3777 960 3831 videtur?
990 3779 1326 3843 Decium—l
1364 3781 1489 3832 Vet.
1505 3780 1594 3832 lib.
1611 3779 1752 3846 apud
1771 3781 1950 3846 Sigon.
1977 3781 2316 3836 mantem
2340 3789 2502 3835 auem

1286 3944 1507 3998 NOTAE

352 4041 371 4077 ¹
400 4040 485 4094 Aa
512 4041 812 4094 Viae-amm
828 4039 1099 4108 ὄνομα-δέ]
1118 4041 1243 4093 Fuit
1257 4043 1357 4096 boe
1436 4044 1717 4096 acervatim
1737 4041 2016 4098 incedente
2033 4064 2049 4097 ε
2074 4051 2135 4098 ut
2157 4043 2296 4111 apud
2317 4045 2428 4097 Cic.
2445 4045 2500 4097 in

286 4131 501 4184 quoque
534 4119 825 4183 emporium
853 4125 1007 4170 antea
1038 4121 1292 4172 munitum
1326 4135 1359 4171 ι
1437 4121 1551 4172 Pie.
1572 4125 1589 4151 ⁴
1604 4119 1656 4171 A
1677 4121 1975 4174 Brundusio
1993 4137 2157 4190 usque
2175 4123 2390 4175 Romam
2411 4137 2501 4188 ις·

286 4194 563 4246 Romania.
628 4194 771 4246 Vide
786 4209 945 4260 supra
966 4210 1084 4260 cap.
1106 4199 1191 4247 ⁴5.
1436 4211 1559 4252 rnen
1601 4206 1913 4264 perpetuum
1957 4201 2117 4250 totius
2155 4199 2324 4251 Italia
2360 4199 2506 4252 vidi-⁹

352 4281 393 4308 ¹·
422 4274 659 4339 Agmina,
681 4290 823 4340 quun
843 4275 991 4340 aaa]
1016 4275 1249 4328 sumitur
1265 4275 1359 4327 all·
1440 4275 1599 4327 Acies
1626 4289 1770 4334 vero.
1790 4290 1906 4326 cum
1929 4275 1996 4326 de
2017 4275 2264 4328 militibus
2288 4276 2500 4344 dicitur,

286 4349 497 4417 qnando
519 4366 705 4415 agmen
724 4366 820 4416 pro
839 4353 993 4404 turba
1017 4354 1217 4418 quavis,
1232 4353 1363 4406 licet
1441 4351 1617 4419 eopia
1638 4351 1920 4405 instructa·
1941 4351 2220 4419 significat.

286 4427 653 4501 iuepmpoeitu,
695 4435 753 4480 et
797 4429 911 4480 nine
959 4430 1164 4497 ordine,
1209 4439 1364 4499 atque

417 4511 603 4578 Delph-
632 4518 687 4564 et
716 4511 834 4564 Ver.
858 4513 989 4564 Clas.
1283 4514 1475 4568 Livias.
2254 4523 2284 4568 6
2322 4515 2367 4565 Ζ
