3300 5225
777 486 952 557 1588
1730 504 1800 553 τ.
1850 504 2045 557 mvii

1179 652 1280 707 1⁰.
1323 645 1618 709 Proxima
1642 656 1817 709 nocte
1846 647 2184 721 Hannibal,
2212 648 2367 711 clam
2387 649 2671 722 hostibus,
2698 647 2841 711 dum
2862 648 3004 713 fessi

1095 762 1178 807 ex
1203 744 1406 825 praelio
1427 746 1560 824 ejus
1585 745 1815 805 abitum
1847 746 2157 807 observare
2188 746 2515 827 negligunt,
2556 746 2829 819 navibus,
2868 748 3006 829 qui-

1101 840 1346 901 buscum
1374 850 1640 915 venerat,
1687 842 2035 925 Drepanum
2074 842 2152 903 ad
2196 842 2607 905 Adherbalem
2643 852 2847 905 vectus
2870 853 3007 907 est:

775 947 928 999 Diod.
1103 936 1377 998 abductis
1400 958 1520 999 una
1542 938 1863 1019 equitibus,
1906 959 2055 1019 quos
2084 942 2143 1001 in
2186 940 2330 1001 locis
2356 940 2651 1021 impeditis
2673 940 2753 1001 ad
2778 940 3007 1003 nullam

1101 1052 1224 1094 rem
1241 1035 1490 1096 obsessis
1515 1035 1715 1107 utiles,
1740 1036 1887 1096 alibi
1911 1036 2127 1100 bonam
2146 1056 2387 1117 operam
2411 1056 2631 1098 navare
2655 1056 2824 1117 posse
2844 1046 3008 1099 recte

777 1144 948 1196 zoam
1087 1128 1489 1209 judicaverat.
1551 1131 1648 1193 Hi
1672 1133 1831 1193 enim
1854 1152 1893 1193 a
1923 1132 2205 1215 Drepane
2222 1154 2378 1215 saepe
2392 1142 2789 1203 excurrentes,
2815 1134 3009 1195 intuta

1101 1225 1403 1289 faciebant
1447 1229 1682 1301 itinera,
1728 1250 2034 1310 rerumque
2080 1230 2533 1291 necessariarum
2566 1230 3005 1291 subvectionem

1097 1322 1421 1399 difficilem,
1449 1325 1781 1407 multosque
1816 1326 2231 1409 pabulatorum
2250 1326 2477 1407 longius
2500 1346 2539 1387 a
2560 1327 2767 1387 castris
2780 1346 3007 1407 vagan-

1099 1420 1250 1483 tium
1263 1423 1669 1505 excipiebant,
1684 1424 1989 1504 sociosque
2008 1422 2419 1485 Romanorum
2442 1424 2601 1485 omni
2614 1423 2877 1485 cladium
2904 1444 3007 1501 ge·

1101 1538 1242 1579 nere
1261 1528 1568 1593 vexantes,
1585 1520 1889 1581 consulum
1904 1522 2159 1583 rationes
2173 1540 2291 1583 non
2300 1520 2673 1582 mediocriter
2688 1519 3005 1581 conturba-

1102 1614 1272 1677 bant.
1305 1616 1530 1697 Neque
1541 1618 1691 1678 mari
1702 1624 1861 1679 tutas
1874 1618 1945 1678 iis
1958 1638 2051 1679 res
2061 1616 2375 1682 Adherbal
2390 1638 2515 1679 esse
2530 1617 2887 1700 patiebatur,
2902 1614 3008 1696 qui

1101 1710 1280 1773 modo
1309 1712 1546 1786 Siculis,
1573 1713 1751 1775 modo
1779 1713 2011 1776 Italicis
2034 1715 2327 1776 littoribus
2352 1715 2697 1797 improvisus
2720 1712 3005 1783 incidens,

1103 1806 1250 1869 nihil
1272 1829 1392 1890 quo
1418 1830 1628 1873 nocere
1665 1810 1961 1873 Romanis
2000 1820 2197 1892 posset
2234 1811 2501 1873 inausmn
2536 1812 3007 1890 intentatumque

777 1911 930 1964 Diod.
1099 1907 1486 1987 relinquebat.
1558 1907 1661 1968 Ita
1685 1906 1935 1980 factum,
1976 1915 2046 1969 ut
2068 1928 2283 1988 magna
2316 1908 2375 1968 in
2406 1908 2611 1969 castris
2634 1916 2778 1967 nata
2803 1906 3008 1987 inopia

1101 2006 1240 2083 (nec
1278 2004 1438 2063 enim
1478 2012 1689 2084 prater
1730 2022 1937 2064 carnes
1966 2004 2261 2085 pecudum
2300 2004 2617 2084 quicquam
2657 2002 2840 2065 ferme
2882 2002 3005 2063 cibi

1097 2102 1425 2182 supererat)
1453 2118 1671 2178 magna
1694 2119 1831 2180 pars
1847 2098 2029 2171 fame,
2056 2098 2251 2181 plures
2273 2101 2455 2162 etiam
2478 2099 2718 2170 morbis,
2740 2107 2810 2159 ut
2832 2098 3005 2169 solet,

1099 2197 1321 2259 obortis
1343 2204 1721 2256 morerentur.
1808 2194 1999 2255 Hunc
2024 2194 2102 2255 ad
2130 2196 2369 2255 modum
2398 2214 2537 2255 cum
2562 2194 2790 2275 aliquot
2814 2194 3007 2255 homi·

779 2308 952 2362 zon-2.
1102 2312 1244 2355 num
1283 2290 1474 2353 millia
1513 2290 1850 2353 desiderata
1892 2300 2109 2363 essent,
2156 2289 2404 2351 alterum
2440 2310 2519 2351 ex
2560 2289 2899 2351 consulibus
2926 2288 3007 2351 ad
3144 2312 3149 2319 ·

1100 2390 1344 2451 comitia
1394 2388 1659 2449 Romam
1707 2384 2029 2459 discedere,
2082 2408 2331 2467 suasque
2386 2386 2645 2466 legiones
2694 2386 3007 2467 deportare

1103 2485 1349 2567 placuit,
1383 2504 1504 2565 quo
1528 2484 1964 2547 remanentibus
1988 2484 2049 2544 in
2076 2482 2377 2543 obsidione
2402 2482 2733 2565 expeditior
2758 2501 3005 2543 annona

1101 2582 1253 2645 ratio
1278 2581 1449 2644 foret.

779 2691 926 2744 Diod.
1181 2687 1282 2743 11.
1326 2680 1554 2741 Iterum
1576 2675 1795 2738 deinde
1820 2676 2030 2756 majori
2054 2683 2269 2738 conatu
2290 2685 2447 2738 terra
2462 2675 2872 2758 lapidibusque
2894 2693 3011 2758 ag-·

1102 2778 1301 2858 gestis,
1329 2776 1558 2838 aditum
1580 2783 1787 2858 portus
1812 2775 2002 2856 sepire
2030 2774 2283 2855 aggressi
2306 2783 2462 2844 sunt,
2495 2773 2715 2835 validis
2742 2775 3011 2835 trabibus

1103 2874 1456 2936 decussatim
1479 2872 1807 2954 compactis
1840 2891 2111 2951 aggerem
2141 2871 2621 2942 communientes,
2646 2890 2781 2951 quae
2806 2869 3008 2931 ferreis

1103 2971 1374 3030 anchoris
1407 2969 1709 3038 revinctis,
1743 2967 1925 3028 totius
1948 2968 2139 3049 operis
2180 2987 2526 3048 compagem
2550 2966 2803 3028 firmiore
2846 2987 3007 3028 nexu

781 3081 1082 3150 Polybam.
1103 3067 1486 3127 continerent.
1593 3063 1717 3126 Sed
1759 3072 1997 3146 propter
2044 3065 2223 3126 maris
2262 3062 2661 3136 altitudinem,
2702 3064 2782 3124 ob
2826 3083 3007 3144 quam

1107 3162 1256 3224 inter
1279 3159 1751 3224 descendendum
1776 3159 2220 3222 convellebatur
2244 3158 2526 3240 quicquid
2546 3159 2827 3238 injectum
2852 3169 3005 3232 erat,

781 3277 933 3330 Diod.
1105 3258 1309 3338 ingens
1355 3267 1420 3320 et
1459 3255 1686 3318 inutilis
1729 3255 1897 3317 labor
1938 3255 2085 3317 fuit:
2148 3275 2285 3317 nam
2324 3255 2536 3317 oborto
2574 3257 3009 3318 vehementiore

1103 3363 1411 3418 ventorum
1434 3353 1604 3426 flam,
1631 3351 1919 3434 undisque
1938 3353 2475 3424 intumescentibus,
2492 3352 2785 3436 perfracta
2806 3354 3009 3415 omnia

1105 3473 1176 3518 ac
1199 3454 1433 3536 direpta
1455 3460 1610 3514 sunt.
1696 3451 1855 3514 Cum
1896 3459 2095 3513 tamen
2142 3453 2273 3534 ipsa
2309 3453 2503 3534 operis
2539 3451 2703 3513 fama
2738 3452 3007 3514 clausum

779 3567 1082 3634 ramnum.
1105 3551 1468 3633 aliquamdiu
1492 3559 1723 3633 portum
1749 3549 2053 3621 tenuisset,
2080 3549 2295 3610 anxios
2318 3568 2393 3610 ea
2414 3569 2507 3610 res
2530 3550 2851 3612 Poenorum
2877 3549 3007 3610 ani-⁵

1103 3667 1252 3720 mos,
1278 3649 1769 3728 vehementerque
1804 3644 2065 3706 solicitos
2100 3645 2341 3706 habuit:
2383 3663 2575 3726 neque
2596 3646 2751 3707 enim
2788 3645 2919 3706 ulla
2942 3647 3005 3706 in

1101 3754 1332 3826 promus
1356 3754 1485 3806 erat
1507 3745 1687 3816 ratio,
1712 3762 1831 3824 qua
1854 3763 2209 3823 cognoscere
2244 3751 2465 3804 statum
2488 3763 2723 3804 suorum
2746 3754 3005 3825 possent,

1103 3860 1292 3921 neque
1342 3842 1655 3921 quisquam
1698 3838 1959 3900 audebat
1998 3859 2235 3922 operam
2276 3857 2444 3900 suam
2487 3839 2567 3900 ad
2612 3841 3008 3922 inspiciendas

1105 3935 1602 4018 Lilybetanorum
1642 3955 1735 3996 res
1774 3935 2075 4016 polliceri:
2143 3934 2335 3996 donec
2380 3935 2696 3998 Hannibal
2738 3937 3004 4018 quidam,

1104 4041 1494 4112 cognomento
1548 4030 1849 4104 Rhodius,
1885 4033 1977 4092 vir
2001 4052 2080 4092 ex
2118 4031 2463 4104 illustribus,
2506 4053 2569 4094 se
2612 4035 3003 4112 ingressurum

1103 4131 1332 4202 urbem,
1375 4138 1460 4201 et,
1501 4138 1814 4211 postquam
1852 4128 2053 4190 omnia
2092 4148 2292 4190 coram
2318 4129 2743 4210 perlustmsset,
2770 4151 2847 4190 ex
2882 4129 3003 4193 fide

1101 4228 1562 4287 renuntiaturum
1587 4225 1820 4306 recipit.

1187 4328 1286 4383 12.
1331 4318 1411 4383 Ei
1428 4323 1711 4404 promisso
1735 4320 1924 4401 gratia
1947 4321 2135 4402 primo
2152 4323 2345 4402 major
2370 4319 2531 4404 apud
2556 4319 2803 4395 Poenos,
2820 4341 3003 4402 quam

1104 4415 1252 4480 fides
1265 4417 1412 4480 fuit:
1440 4420 1685 4502 quippe,
1704 4426 1915 4500 proeter
1928 4417 2114 4485 moles
2136 4418 2197 4480 in
2222 4419 2369 4482 mari
2386 4420 2609 4499 jactas,
2626 4417 2853 4482 aditum
2866 4439 3003 4502 por-
3038 4427 3046 4436 “
