3300 5225
837 502 1048 551 mam
1099 500 1277 551 xm.
1323 498 1973 551 emanaturum.
2324 478 2499 552 1599
2538 520 2545 525 -

272 644 460 707 multu
501 645 768 707 consules
807 662 846 707 a
877 648 1050 707 rebus
1076 636 1293 707 Siculis
1318 646 1684 718 distraheret,
1714 653 1840 719 ant,
1866 644 1917 705 si
1942 643 2171 705 auxilio

271 744 468 804 venire
513 743 632 803 suis
677 742 1093 823 neglexissent,
1137 744 1444 805 occasione
1486 753 1812 825 temporum
1858 741 1939 802 ad
1985 762 2173 823 popu-

271 839 482 900 landos
521 860 692 919 agros
729 841 1018 921 urbesque
1059 840 1378 921 capiendas
1419 850 1695 902 uteretur.
1782 838 2064 901 Ceterum
2100 859 2173 899 ne

269 937 368 996 hic
404 936 642 1016 quidem
685 936 921 997 fortuna
959 939 1166 1018 coeptis
1202 937 1407 998 affuit:
1451 940 1657 997 missus
1682 938 1837 997 enim
1866 934 1943 996 ad
1976 936 2174 1017 prohi-

269 1032 496 1093 bendas
538 1034 827 1094 sociorum
871 1033 1114 1113 injurias
1149 1054 1287 1094 cum
1325 1036 1552 1095 urbano
1593 1034 1782 1095 milite
1832 1042 2048 1115 praetor
2097 1031 2173 1091 de

267 1150 536 1191 successu
581 1130 807 1191 consilii
845 1130 935 1189 sui
971 1130 1379 1211 desperantem
1405 1131 1592 1191 redire
1621 1132 1681 1190 in
1714 1130 1983 1191 Siciliam
2008 1148 2173 1189 com-

269 1226 443 1307 pulit.
529 1226 656 1287 Ubi
681 1246 818 1287 cum
843 1228 1233 1288 mercenarius
1257 1227 1424 1288 miles
1449 1228 1798 1288 seditionem
1834 1227 2172 1297 excitasset,

268 1323 430 1402 quod
471 1322 762 1404 stipendia
801 1342 916 1384 non
941 1322 1355 1393 solvebantur;
1399 1324 1616 1385 multos
1640 1344 1719 1385 ex
1748 1345 1819 1385 eo
1844 1343 2086 1385 numero
2113 1324 2173 1382 in

266 1418 516 1480 desertis
559 1420 761 1479 insulis
799 1420 1094 1501 exposuit,
1123 1420 1339 1481 multos
1380 1420 1459 1482 ad
1501 1442 1733 1502 poenam
1776 1420 1996 1481 remisit
2025 1420 2173 1479 Car-

268 1518 605 1595 thaginem:
648 1536 827 1597 quam
867 1536 989 1576 rem
1029 1537 1184 1595 aegre
1227 1516 1546 1577 ferentibus
1577 1518 1837 1598 reliquis,
1865 1516 2016 1577 adeo
2041 1527 2177 1577 sunt

265 1615 606 1695 exasperati
641 1613 844 1685 animi,
870 1621 938 1672 ut
975 1613 1290 1675 manifesta
1314 1613 1570 1676 defectio
1607 1615 1889 1686 omnium,
1914 1624 1975 1674 et
2000 1633 2076 1673 ex
2103 1634 2176 1673 eo

269 1712 408 1771 novi
449 1709 594 1771 belli
633 1710 882 1771 materia
903 1710 1222 1771 timeretur.
1307 1709 1428 1771 Sed
1463 1712 1522 1771 in
1548 1721 1809 1792 tempore
1836 1709 2175 1783 Hamilcar,

263 1828 580 1877 successor¹
633 1807 984 1868 Carthaloni
1033 1808 1229 1880 datus,
1283 1808 1569 1870 advenit:
1637 1808 2175 1889 tumultuantesque

265 1915 450 1965 noctu
495 1905 757 1977 adortus,
784 1905 930 1965 alios
967 1905 1206 1977 occidit,
1235 1904 1384 1966 alios
1407 1906 1685 1967 demersit
1720 1907 1905 1975 mari;
1948 1914 2177 1967 ceteros

265 2003 510 2062 veniam
543 2010 808 2083 petentes
832 2002 892 2061 in
931 2003 1180 2081 gratiam
1204 2002 1695 2084 concordiamque
1720 2002 1961 2083 recepit.
2042 2002 2178 2064 Hic

263 2107 358 2158 eat
383 2098 488 2158 ille
516 2100 728 2159 Barcae
753 2109 1140 2179 cognomento
1164 2108 1336 2159 notus
1363 2099 1703 2170 Hamilcar,
1730 2120 1849 2179 quo
1873 2098 2175 2161 meliorem
2231 2151 2367 2202 Diod
2418 2169 2443 2201 ι

262 2194 484 2257 ducem
524 2196 825 2275 Carthago
859 2216 975 2258 non
1016 2197 1247 2268 habuit,
1271 2195 1500 2259 futurus
1535 2196 2032 2277 incomparabilis,
2063 2198 2174 2258 nisi
2204 2170 2499 2269 Vale-,⁸1ibg:

266 2292 687 2355 Hannibalem
713 2294 1024 2373 genuisset.
2197 2298 2363 2397 3:2¹·
2386 2293 2443 2331 θ’

347 2396 452 2451 33.
497 2390 598 2451 Ex
623 2412 696 2451 eo
723 2400 982 2472 tempore
1007 2390 1208 2453 durius
1233 2390 1526 2452 Romanis
1549 2389 1775 2451 bellum
1798 2391 1925 2452 fieri
1957 2392 2172 2475 coepit:
2340 2384 2353 2399 ⁸

263 2488 470 2549 statim
512 2490 670 2548 enim
710 2488 917 2548 sedato
953 2491 1442 2549 mercenariorum
1482 2498 1669 2560 motu,
1698 2510 1833 2549 cum
1868 2489 2055 2549 classe
2095 2489 2173 2550 ad
2198 2498 2367 2551 Zonnr.

268 2584 518 2646 Italiam
559 2583 983 2646 devastandam
1017 2584 1311 2667 profectus
1338 2586 1679 2658 Hamilcar,
1713 2586 2088 2648 Locrensium
2112 2596 2175 2647 et
2235 2598 2372 2650 Oros.
2392 2617 2467 2652 ιν.

267 2682 641 2744 Bruttiorum
683 2703 854 2762 agros
891 2683 1012 2744 late
1053 2684 1370 2765 populatus
1402 2693 1510 2744 est.
1594 2685 1691 2744 At
1727 2683 2010 2755 Romani,
2038 2704 2173 2744 cum
2198 2667 2502 2796 gissa-53·

267 2779 564 2841 Hieronis
601 2780 956 2862 Syracusani
989 2781 1142 2859 regis
1179 2783 1240 2840 in
1267 2801 1368 2840 eos
1390 2789 1663 2842 constans
1686 2779 1835 2841 fides
1859 2790 1921 2841 et
1960 2800 2177 2859 magna
2194 2794 2362 2845 zonat.

265 2885 546 2938 extarent
581 2878 810 2948 merita,
835 2878 1074 2937 remisso
1099 2879 1322 2938 tributo
1349 2897 1544 2938 annuo
1569 2878 1729 2958 quod
1755 2879 1933 2959 priori
1960 2877 2175 2938 foedere

265 2976 637 3056 pepigerant,
683 2983 1026 3055 perpetuam
1063 2993 1200 3034 cum
1244 2995 1318 3034 eo
1355 2975 1693 3035 societatem
1740 2975 2175 3055 amicitiamque
2200 2983 2498 3050 Appiamap.

263 3074 664 3132 sanciverunt.
736 3070 984 3131 Interim
1011 3070 1330 3131 Hamilcar
1352 3092 1430 3132 ex
1458 3071 1640 3132 Italia
1664 3092 1929 3134 reversus
1953 3072 2012 3131 in
2040 3070 2185 3132 fini«
2198 3051 2501 3181 ἕξξέω·

265 3171 382 3228 bus
423 3168 866 3230 Pauci-mitanis
911 3169 1288 3229 exscensione
1313 3168 1498 3242 facta,
1526 3170 1678 3229 inter
1706 3169 2073 3229 Panormum
2115 3178 2179 3228 et

267 3267 530 3347 Erycem
569 3266 778 3326 eastris
812 3264 1006 3325 locum
1040 3270 1203 3346 cepit
1225 3275 1438 3325 natura
1473 3265 1939 3326 munitissimum.
2025 3265 2175 3347 Epi-

264 3373 428 3424 ercte
471 3365 714 3423 vocatur
755 3381 920 3421 mons
957 3363 1116 3420 omui
1151 3383 1230 3421 ex
1267 3371 1432 3443 parte
1471 3363 1775 3443 abruptus,
1805 3363 1907 3442 qui
1948 3382 2025 3422 ex
2060 3363 2173 3423 cir·
2229 3379 2437 3432 Bai-elafii

261 3459 538 3520 cumfusa
586 3459 822 3537 regione
868 3459 929 3516 in
969 3477 1242 3536 magnam
1291 3458 1663 3519 altitudinem
1706 3479 1769 3519 se
1814 3459 2009 3537 erigit,
2054 3479 2171 3519 non
2197 3445 2423 3560 ᾒῐξιξξέθ,
2446 3448 2480 3500 ¹·

263 3558 430 3617 tenui
465 3556 724 3635 fastigio,
747 3553 850 3614 sed
892 3555 1144 3636 spatium
1186 3565 1422 3615 centum
1461 3555 1597 3637 plus
1636 3557 1828 3616 minus
1850 3554 2171 3616 stadiorum
2227 3543 2398 3643 1301be

261 3654 586 3736 complexo
609 3662 671 3712 :³
722 3671 855 3731 quae
905 3659 1034 3711 tota
1078 3652 1237 3730 regio
1289 3653 1484 3732 pecori
1530 3651 1743 3712 alendo
1788 3651 2169 3732 frugibusque

263 3750 530 3811 serendis
563 3749 866 3830 aptissima
899 3757 1008 3819 est,
1037 3756 1103 3807 ut
1129 3767 1264 3827 quae
1299 3749 1538 3809 marinis
1573 3747 1811 3809 flatibus
1845 3759 2171 3830 opportune

264 3848 540 3919 adversa,
587 3844 876 3928 pestiferis
923 3844 1276 3904 animalibus
1325 3847 1592 3905 omnibus
1635 3854 1832 3906 vacat.
1935 3844 2173 3906 Ibidem

261 3965 514 4006 verruca
553 3941 827 4022 quaedam
867 3941 1138 4020 assurgit,
1165 3961 1298 4020 quae
1323 3951 1386 4002 et
1415 3943 1566 4002 arcis
1587 3943 1802 4013 vicem,
1827 3953 1891 4004 et
1912 3941 2169 4023 speculae

263 4043 326 4101 in
361 4041 774 4119 circumjectos
813 4058 1054 4118 campos
1085 4038 1348 4098 obtinere
1384 4045 1582 4119 queat.
1668 4037 1937 4118 Adjecet
1969 4048 2175 4121 portus

329 4199 356 4236 v
389 4189 618 4254 Spatium
641 4192 829 4238 centum
845 4217 885 4235 ..
901 4185 1188 4237 amatorum
1256 4192 1334 4235 est
1351 4195 1560 4237 centum
1585 4185 1890 4246 stadiorum,
1909 4185 2019 4235 sive
2038 4185 2167 4235 duo-

261 4253 532 4319 complexo]
567 4253 630 4303 In
662 4254 984 4313 circuitu,ut
1007 4253 1184 4316 expri·
1255 4252 1422 4302 decim
1481 4252 1699 4302 millium
1765 4253 2164 4316 quingentorum

263 4324 362 4372 mit
381 4321 576 4371 clarina
601 4318 870 4383 Polybius.
939 4317 1185 4367 Ambitus
1257 4333 1517 4380 passuum,
1552 4319 1813 4367 leucarum
1858 4319 2163 4368 nostratium

265 4389 406 4438 illius
425 4386 662 4451 planitiei
689 4387 740 4434 in
765 4397 964 4433 suanno
987 4384 1184 4433 vertice
1256 4384 1474 4448 amplius
1497 4389 1546 4434 4.
1587 4385 1731 4432 Creu.
