3300 5225
1087 241 1232 287 mn.
1281 238 1508 291 xxiv.
1555 240 1723 289 cn.
1768 224 1832 289 1.
2378 222 2550 290 1987

356 396 432 455 ut
452 384 885 453 ‘excluderent
927 388 1016 452 ab
1065 388 1234 451 urbe
1275 386 1441 469 fuga
1476 386 1879 471 dissipatoS,
1920 393 2177 451 turmas
2223 386 2548 472 objecere.

355 493 523 557 Dux
579 489 748 574 ipse,
797 490 950 556 loco
1005 490 1350 574 superiore
1395 497 1626 573 capto,
1670 490 1842 555 unde
1862 496 1889 525 ²
1940 508 2138 572 agros
2188 492 2552 575 urbemque

355 603 602 679 posset
631 593 1049 677 conspicere,
1080 594 1494 657 Bruttiorum
1519 593 1859 658 cohortem
1887 593 2069 657 adire
2098 610 2323 657 muros
2352 600 2553 677 atque

353 716 645 765 evocare
696 696 1042 781 principes
1093 694 1532 761 Locrensium
1581 694 1672 759 ad
1716 694 2137 779 colloquium
2180 694 2411 779 jussit,
2460 704 2550 770 et,

355 800 754 884 pollicentes
813 798 1179 865 amicitiam
1253 794 1696 877 Hannibalis,
1756 798 2099 862 adhortari
2162 798 2253 863 ad
2320 800 2553 863 urbem

353 901 770 969 tradendam.
861 900 1151 967 Bruttiis
1193 901 1264 965 in
1304 900 1648 985 colloquio
1693 902 1945 967 nullius
1984 902 2081 965 rei
2122 901 2339 985 primo
2380 900 2553 966 fides

357 1012 502 1071 est:
524 1016 552 1043 ⁰
572 1012 594 1052 ³
639 1002 881 1069 deinde
909 1008 985 1067 ut
1013 1002 1268 1069 Poenus
1291 1003 1603 1088 apparuit
1623 1005 1695 1068 in
1714 1004 2027 1084 collibus,
2054 1008 2123 1069 et
2148 1004 2553 1087 refugientes

355 1106 558 1191 pauci
587 1106 785 1172 aliam
819 1126 1078 1171 omnem
1108 1106 1592 1172 multitudinem
1623 1108 1691 1178 in
1722 1114 2060 1191 potestate
2088 1108 2378 1173 hostium
2398 1126 2553 1173 esso

355 1208 754 1291 afferebant3
797 1216 958 1289 tum,
1010 1216 1188 1274 metu
1239 1209 1424 1289 victi,
1471 1210 1905 1275 consulturos
1961 1230 2035 1276 se
2077 1210 2401 1294 populum
2452 1230 2552 1274 re·

355 1310 788 1395 sponderuut.
871 1310 1366 1398 Advocataque
1405 1313 1747 1398 extemplo
1780 1313 2130 1391 concione,
2162 1332 2311 1379 cum
2347 1325 2421 1379 et
2458 1313 2555 1377 le·

357 1414 680 1481 vissimus
701 1416 998 1501 quisque
1019 1434 1231 1481 novas
1260 1434 1370 1481 res
1395 1436 1780 1501 novamque
1804 1416 2203 1482 societatem
2226 1416 2558 1493 mallent,4

359 1521 451 1595 et,
481 1536 764 1601 quorum
807 1518 1173 1603 propinqui
1211 1524 1408 1583 extra
1451 1520 1684 1583 urbem
1735 1521 2076 1586 interclusi
2116 1521 2206 1585 ab
2246 1519 2554 1585 hostibus

299 1692 319 1699 ,
357 1626 572 1697 erant,
618 1621 802 1686 velut
841 1620 1189 1686 obsidibus
1237 1620 1441 1699 datis,
1479 1624 1862 1705 pigneratos
1908 1622 2227 1687 haberent
2272 1620 2554 1700 animos,

355 1724 565 1807 pauci
595 1723 810 1805 magis
840 1723 1028 1788 taciti
1054 1723 1418 1808 probarent
1459 1732 1881 1790 constantem
1911 1724 2134 1803 fidem,
2165 1742 2369 1809 quum
2400 1742 2553 1807 pro-

357 1826 584 1891 batam
615 1824 786 1891 tueri
814 1825 1168 1907 auderent3
1211 1824 1392 1889 haud
1427 1825 1638 1892 dubio
1675 1828 1745 1893 in
1776 1828 2073 1911 speciem
2116 1845 2452 1892 consensu
2478 1826 2559 1890 fit

355 1927 448 1993 ad
497 1927 759 1994 Poenos
803 1928 1107 1993 deditio!
1194 1927 1276 1992 1..
1322 1927 1541 1993 Atilio
1587 1931 1909 2013 praefecto
1951 1928 2276 2015 praesidii,
2304 1928 2557 2013 quique

361 2050 520 2096 cum
551 2050 638 2097 eo
667 2031 916 2097 milites
939 2029 1238 2096 Romani
1267 2040 1479 2109 erant,
1511 2032 1687 2097 clam
1716 2033 1789 2098 in
1820 2038 2087 2117 portum
2117 2030 2428 2097 deductis
2456 2036 2557 2095 at-

357 2153 494 2219 que
533 2134 874 2219 impositis
901 2134 972 2199 in
999 2153 1230 2213 naveS,
1267 2142 1350 2199 ut
1383 2133 1722 2218 Rhegium
1752 2134 2253 2211 deveherentur,
2286 2133 2557 2199 Hamil-

361 2224 584 2303 carem
601 2245 626 2285 ⁵
653 2236 1050 2323 Poenosque
1074 2256 1162 2301 ea
1189 2236 1598 2316 conditione,
1615 2243 1689 2302 ut
1716 2236 1943 2302 foedus
1964 2235 2314 2321 extemplo
2340 2236 2557 2321 oequis

361 2339 624 2421 legibus
671 2338 876 2418 fleret,
903 2339 974 2403 in
1021 2326 1250 2403 urbem
1291 2345 1706 2423 acceperunt.
1793 2337 2007 2425 Cujus
2043 2340 2139 2405 rei
2177 2358 2389 2426 prope
2418 2358 2556 2403 non

361 2447 631 2508 servata
659 2441 828 2507 fides
849 2440 1092 2507 deditis
1121 2446 1250 2519 est,
1279 2460 1434 2507 cum
1457 2439 1723 2505 Poenus
1750 2439 1912 2506 dolo
1932 2440 2285 2505 dimissum
2310 2440 2563 2505 Roma·

361 2564 526 2611 num
571 2546 951 2627 incusaret3
1014 2544 1388 2609 Locrenses
1437 2542 1817 2628 profugisse
1854 2542 2075 2627 ipsum
2110 2550 2561 2608 causarentur.

365 2647 668 2716 Insecuti
699 2649 900 2714 etiam
925 2648 1188 2732 equites
1218 2651 1392 2725 sunt,
1425 2647 1486 2711 si
1517 2665 1650 2730 quo
1676 2665 1845 2714 casu
1870 2647 1941 2711 in
1978 2647 2150 2712 freto
2180 2655 2388 2712 oestns
2416 2667 2559 2722 mo·-

364 2753 522 2831 rari,
565 2761 686 2818 aut
732 2751 985 2817 deferre
1026 2769 1231 2816 naves
1261 2752 1602 2816 interram
1631 2755 1886 2834 posset.
1976 2749 2063 2814 Et
2102 2769 2223 2815 eos
2268 2750 2559 2834 quidem,

361 2873 536 2938 quos
565 2857 1041 2940 sequebantur,-
1075 2873 1212 2918 non
1247 2861 1406 2920 sunt
1439 2853 1705 2938 adeptit
1751 2853 1924 2918 alius
1952 2873 1995 2918 a
2024 2851 2347 2917 Messana
2372 2853 2557 2938 traji-

363 2958 620 3025 cientes
659 2959 832 3024 freto
875 2957 1212 3042 Rhegium
1251 2977 1462 3024 naves
1489 2961 2001 3042 conspexerunt.
2093 2955 2350 3020 Milites
2378 2943 2564 3020 erant

365 3061 678 3142 Romani,
730 3081 772 3125 a
819 3060 1110 3127 claudio
1160 3067 1448 3146 praetore
1497 3061 1689 3126 missi
1730 3059 1815 3124 ad
1860 3057 2282 3124 obtinendam
2326 3058 2556 3124 urbem

428 3289 452 3312 ⁶
486 3278 638 3329 Initio
657 3278 917 3328 Loci-ense·
937 3270 1061 3327 nihil
1079 3279 1326 3329 credebant
1345 3291 1506 3328 eorm
1527 3291 1631 3340 quoe
1647 3293 1679 3327 u
1700 3274 1918 3328 Bruttiis
1933 3293 2021 3342 per
2040 3276 2319 3340 colloquium
2340 3275 2562 3326 diceban-

365 3349 466 3443 ως.
484 3410 742 3470 (ἔφιπποι,
763 3408 868 3472 qui,
885 3408 996 3458 licet
1016 3413 1222 3466 comus,
1237 3413 1448 3458 eumen
1469 3413 1626 3459 certus
1646 3413 1695 3458 et
1715 3407 2011 3458 voluntarius
2026 3405 2300 3471 apparebat.

1289 3551 1437 3577 eom
1441 3550 1647 3574 neeooe

361 3668 587 3720 Stroth-⁹
621 3669 674 3720 R
812 3673 926 3720 .-2
957 3669 976 3697 ‘
994 3668 1248 3784 &W
1264 3675 1426 3720 eastra
1439 3669 1594 3734 ponit,
1613 3671 1739 3720 unde
1762 3666 1897 3718 Edd-
1920 3673 2044 3718 ante
2068 3666 2297 3743 Gronov.
2320 3665 2407 3729 qni
2429 3673 2565 3732 capto

363 3749 428 3784 ex
450 3735 664 3800 ingenio
723 3735 852 3793 edit,
883 3749 1002 3785 cum
1024 3749 1061 3798 p
1117 3735 1232 3784 rimi
1253 3736 1541 3812 opti-mique
1579 3733 1711 3810 Bisa.
1747 3731 1809 3780 τὸ
1836 3733 1973 3796 ponit
1994 3729 2277 3782 omittant?
2308 3729 2566 3782 Stroth.—

365 3803 396 3850 ⁸
423 3800 518 3856 Eat
537 3798 702 3850 desid.
727 3801 781 3850 iu
803 3800 959 3851 Grut.
981 3799 1210 3851 Gronov.
1235 3801 1448 3865 Domat-
1473 3800 1807 3853 cremon—⁴
1830 3797 2005 3849 Mouet
2028 3796 2165 3848 Eud.
2191 3801 2312 3846 ente
2332 3796 2565 3848 Gronov.

1369 3961 1586 4014 No'rAE

363 4077 802 4142 libi-eruperiore.
836 4074 1120 4126 Vernmibi
1135 4089 1244 4126 rem
1265 4083 1430 4126 totam
1511 4077 1660 4126 vius:
1717 4076 1801 4126 hie
1843 4075 1991 4126 velut
2034 4089 2127 4126 sno
2170 4076 2289 4126 loco
2332 4076 2565 4140 pluribus

367 4156 548 4222 paucis
567 4155 624 4205 in
648 4162 974 4207 antecessum
997 4151 1323 4204 indicaverat
1344 4153 1428 4203 Li·
1507 4157 1703 4204 narrat.
