3300 5225
799 487 978 556 2010
1758 505 1828 553 τ.
1878 505 2069 554 nivii

804 649 935 732 sul,
961 669 1004 713 a
1047 648 1456 733 primoribus
1501 649 1787 716 accitus.
1878 650 2011 717 Die
2038 669 2169 716 uno
2198 650 2589 716 Suessulam
2622 671 2667 718 a
2696 649 3001 732 Calibus,

801 770 957 817 cum
984 749 1355 817 Vulturnus
1399 753 1613 817 amnis
1656 752 2107 837 trajicientem
2152 759 2453 852 uxoratus
2478 759 2682 832 esset,
2724 761 2999 820 conten-

801 853 1011 918 derat.
1099 853 1266 918 Inde
1293 855 1600 940 proxima
1637 861 1835 920 nocte
1874 875 1995 920 sex
2034 855 2244 920 millia
2272 855 2575 940 peditum
2604 857 3001 941 equitesque

799 961 1165 1035 trecentos,
1193 959 1312 1043 qui
1357 958 1683 1042 praesidio
1726 953 1995 1023 senatui
2036 963 2283 1036 essent,
2314 957 2566 1023 Nolam
2595 959 3000 1024 intromisit:

803 1067 898 1139 et,
925 1061 1022 1126 uti
1051 1079 1096 1124 a
1122 1060 1400 1126 consule
1429 1061 1653 1126 omnia
1694 1061 1972 1144 impigre
2006 1060 2184 1127 facta
2222 1068 2381 1128 sunt
2409 1060 2497 1126 ad
2526 1079 3005 1146 praeoccupan-

804 1161 964 1228 dam
1009 1161 1286 1241 Nolam,
1327 1165 1430 1228 ita
1476 1163 1830 1228 Hannibal
1873 1173 2142 1248 tempus
2188 1164 2484 1244 terebat3
2530 1165 2635 1229 bis
2666 1163 2814 1248 jam
2844 1175 3003 1231 ante

803 1267 1246 1350 nequicquam
1298 1271 1561 1332 tentata
1616 1285 1718 1346 re,
1782 1266 2043 1350 segnior
2098 1267 2189 1334 ad
2246 1266 2655 1332 credendum
2712 1266 3005 1332 Nolanis

805 1365 1062 1432 factus.

889 1470 999 1534 14.
1046 1468 1302 1534 Iisdem
1345 1469 1591 1535 diebus
1641 1475 1711 1535 et
1762 1468 1854 1549 Q.
1902 1470 2156 1536 Fabius
2206 1469 2443 1537 consul
2484 1471 2572 1536 ad
2626 1470 3007 1538 Casilinum

799 1571 1207 1652 tentandum,
1235 1571 1422 1657 quod
1470 1571 1790 1657 praesidio
1843 1571 2109 1638 Punico
2157 1575 2528 1651 tenebatur,
2556 1575 2775 1654 venit3
2816 1580 2885 1640 et
2910 1574 3006 1638 ad

801 1675 1278 1754 Beneventum,
1321 1676 1504 1739 velut
1549 1693 1638 1737 ex
1690 1675 2103 1758 composito,
2144 1685 2333 1760 parte
2372 1676 2586 1740 altera
2622 1675 2881 1742 Hanno
2912 1697 3007 1742 ex

801 1778 1085 1842 Bruttiis
1115 1797 1268 1842 cum
1300 1797 1542 1860 magna
1585 1776 1885 1862 peditum
1921 1779 2355 1862 equitumque
2398 1798 2623 1856 manu,
2654 1778 2863 1843 altera
2892 1780 3005 1844 Ti.

801 1879 1159 1945 Gracchus
1189 1882 1276 1945 ab
1309 1879 1605 1945 Luceria
1627 1880 1957 1944 accessit:
1988 1880 2103 1963 qui
2127 1881 2341 1964 primo
2358 1880 2687 1964 oppidum
2704 1881 3007 1949 intravit.

800 1981 1088 2060 Deinde,
1123 1987 1194 2047 ut
1223 1982 1632 2066 Hannonem
1662 1981 1793 2046 tria
1822 1981 2035 2047 millia
2055 1981 2261 2046 ferme
2288 1983 2374 2046 ab
2398 1983 2565 2048 urbe
2586 1982 2673 2047 ad
2692 1981 3009 2050 Calorem

799 2083 1084 2149 fiuvium
1103 2093 1132 2134 Ρ
1181 2091 1410 2150 castra
1453 2083 1769 2168 posuisse
1818 2089 1887 2148 et
1928 2085 2087 2150 inde
2132 2104 2357 2167 agrum
2389 2085 2695 2170 populari
2724 2086 3007 2166 audivit,

802 2197 876 2252 et
923 2186 1100 2270 ipse,
1141 2206 1456 2272 egressus
1503 2188 1856 2266 moenibus,
1905 2187 2093 2252 mille
2138 2187 2346 2252 ferme
2396 2207 2644 2272 passus
2688 2189 2776 2252 ab
2806 2187 3008 2254 hoste

799 2296 1024 2355 castra
1057 2289 1257 2367 locat,
1301 2289 1531 2373 ibique
1569 2288 1965 2353 concionem
2008 2289 2291 2355 militum
2323 2289 2578 2354 habuit.
2666 2288 3007 2372 Legiones

797 2409 1042 2473 magna
1071 2411 1164 2456 ex
1193 2397 1382 2473 parte
1410 2390 1726 2455 volonum
1750 2390 2083 2472 habebat3
2108 2397 2143 2460 (Ι,
2165 2391 2281 2474 qui
2292 2391 2437 2476 jam
2462 2392 2739 2458 alterum
2758 2412 3003 2458 annum

797 2492 1168 2558 libertatem
1203 2493 1406 2557 tacite
1432 2493 1693 2570 mereri,
1718 2512 1919 2577 quam
1950 2492 2293 2576 postulare
2331 2493 2581 2577 palam,
2608 2494 3005 2561 maluerant.

798 2595 1120 2661 Senserat
1143 2601 1386 2675 tamen,
1403 2594 1715 2680 hybernis
1734 2594 2106 2677 egrediens,
2134 2614 2427 2659 murmur
2456 2595 2525 2659 in
2556 2595 2823 2678 agmine
2851 2618 3005 2662 esse

799 2698 1267 2782 quaerentium,
1312 2702 1335 2732 ‘
1357 2717 1441 2762 en
1472 2717 1772 2783 unquam
1815 2697 2055 2762 liberi⁹
2082 2698 2429 2765 militaturi
2456 2704 2677 2763 essent
2694 2698 2745 2763 ‘t’
2786 2700 3007 2783 scrip·

799 2809 1106 2886 seratque
1151 2802 1443 2878 senatui,
1483 2820 1622 2865 non
1668 2808 1805 2865 tam
1850 2800 2015 2885 quid
2058 2800 2539 2880 desiderarent,
2587 2820 2790 2887 quam
2836 2803 3003 2886 quid

797 2904 1244 2969 meruissent:
1288 2907 1309 2939 ‘
1333 2906 1518 2968 bona
1561 2902 1859 2987 sortique
1902 2922 2108 2986 opera
2156 2922 2379 2967 eorum
2410 2922 2487 2968 se
2516 2903 2607 2969 ad
2639 2924 2791 2969 eam
2822 2906 3007 2970 diem

799 3024 1030 3071 usum:
1095 3024 1318 3089 neque
1373 3005 1462 3070 ad
1517 3004 1901 3087 exemplum
1949 3004 2123 3088 justi
2181 3004 2413 3070 militis
2467 3008 2835 3091 quicquam
2884 3008 3007 3084 eis,

799 3117 1052 3191 praeter
1094 3109 1496 3185 libertatem,
1552 3105 1836 3170 deesse.’
1925 3106 2035 3171 De
2079 3126 2165 3170 eo
2214 3107 2619 3190 permissum
2661 3108 2795 3193 ipsi
2840 3117 3007 3185 erat,

797 3210 1074 3287 faceret,
1104 3210 1344 3295 quode
1371 3230 1442 3275 re
1473 3208 1747 3293 publica
1771 3208 2044 3274 duceret
2072 3230 2251 3275 esse.
2299 3210 2541 3294 Itaque
2571 3211 2783 3296 prius»,
2800 3232 3007 3296 quam

801 3331 957 3376 cum
988 3311 1186 3377 hoste
1215 3332 1486 3377 manum
1518 3323 1916 3390 consereret,
1946 3315 2350 3397 pronuntiat,
2383 3318 2405 3347 ‘
2433 3322 2702 3397 tempus
2734 3314 3010 3379 venisse

803 3414 906 3481 eis
930 3425 984 3455 ¹⁰
1021 3416 1377 3495 libertatis,
1417 3435 1622 3501 quam
1663 3415 1782 3480 diu
1812 3424 2221 3499 sperassent,
2250 3416 2625 3500 potiundae.
2712 3416 3008 3483 Postero

803 3516 914 3583 die
938 3518 1149 3602 siguis
1179 3518 1444 3583 collatis
1473 3517 1937 3583 dimicaturum
1966 3537 2140 3602 puro
2164 3538 2249 3584 ac
2276 3518 2532 3603 patenti
2559 3526 2851 3603 campo,r
2882 3519 3005 3585 ubi

2026 3700 2091 3723 00

865 3820 901 3866 9
935 3816 1282 3883 clarentium,
1309 3832 1606 3882 nunquamne
1635 3818 1777 3870 liberi
1812 3817 1948 3870 Edd.
1986 3824 2109 3869 ante
2146 3818 2512 3870 Gronov.-10
2541 3818 2662 3882 Ejus
2686 3818 2825 3871 Edd.
2848 3836 2881 3871 a
2906 3820 3012 3873 Cu-

1802 3982 2017 4035 NOTAE

867 4102 894 4137 Ρ
923 4093 1006 4143 Aa
1046 4094 1262 4145 Calorem
1279 4096 1513 4162 fluvium]
1548 4097 1694 4148 Alia·
1728 4098 1895 4147 Calo-⁸
2002 4104 2028 4139 q
2058 4098 2284 4149 Volesum
2306 4096 2530 4159 habebat]
2562 4096 2839 4147 Servorum
2864 4112 3011 4147 nem·

799 4182 926 4219 nem.
993 4165 1174 4219 Amnis
1217 4180 1298 4221 est
1341 4187 1406 4223 ex
1453 4172 1729 4238 Apennino
1773 4187 1869 4238 per
1936 4188 2026 4239 pe,
2060 4176 2149 4240 qui
2186 4174 2453 4224 voluntate
2486 4186 2631 4223 arma
2660 4183 2917 4238 ceperant
2946 4174 3011 4223 li·

803 4244 1142 4309 Hirpinorum
1186 4249 1448 4313 regionem
1487 4250 1540 4299 in
1579 4247 1868 4299 Sabbatum
1937 4251 2155 4301 benetia
2178 4248 2528 4313 adipiscendae
2548 4262 2720 4311 causa.

803 4318 1048 4383 defluens,
1071 4336 1174 4371 non
1200 4328 1378 4388 procul
1399 4328 1719 4379 Benevento.
1762 4327 1867 4377 Ve-
2004 4334 2024 4361 ¹
2043 4328 2178 4377 Puro
2192 4342 2248 4376 ac
2266 4325 2451 4390 patenti
2464 4326 2649 4389 campo]
2673 4326 2849 4375 Purus
2870 4339 3011 4376 um-

808 4405 893 4449 tus
916 4412 1104 4450 nomen
1126 4402 1292 4452 adbuc
1317 4402 1526 4455 retinet.
1938 4418 2035 4468 pus
2068 4404 2152 4455 bie
2188 4403 2499 4469 appellatur,
2518 4416 2639 4460 non,
2664 4409 2726 4453 ut
2756 4402 2897 4467 apud
2918 4402 3011 4466 ju-
