3300 5225
855 513 1063 563 unm
1113 512 1256 563 xx.
1299 511 1946 564 surrnsnsuruu.
2346 494 2521 561 1629

293 653 430 715 dem
470 652 704 717 delatas
742 654 820 716 ob
846 676 920 715 ea
950 656 1344 736 querimonias
1369 662 1605 715 senatus
1637 656 1791 715 inter
1830 656 1981 715 alias
2020 672 2192 715 curas

293 751 688 832 negligentius
727 752 1193 813 auscultaverat:
1236 761 1528 834 postremo
1566 762 1765 813 tamen
1800 772 1935 813 cum
1962 751 2191 834 praedo-

291 870 432 909 num
458 850 718 911 audacia
734 850 1082 931 impunitate
1102 858 1410 921 cresceret,
1435 850 1873 929 crebrioresque
1887 850 2019 928 jam
2044 868 2189 928 que-

289 946 432 1005 relae
474 947 867 1028 pervenirent,
895 947 1084 1007 visum
1122 954 1212 1006 est
1243 946 1470 1026 legatos
1506 945 1662 1006 mitti
1688 945 1766 1005 ad
1797 966 1889 1005 res
1922 952 2187 1027 repeten-

287 1042 433 1113 das3
481 1043 656 1103 simul
683 1052 750 1103 ut
781 1042 1113 1115 Issaeorum,
1137 1044 1241 1123 qui
1267 1043 1452 1123 nuper
1477 1044 1540 1102 in
1571 1041 1753 1103 fidem
1778 1041 2188 1102 Romanorum
2212 1048 2331 1101 Dio.

286 1147 724 1211 concesserant,
749 1158 988 1200 causam
1028 1147 1348 1199 tuerentur.
1433 1138 1574 1199 Hos
1612 1138 1771 1199 enim
1813 1137 1973 1198 Ionii
2014 1138 2191 1197 maris
2210 1146 2382 1200 Zonar-

287 1234 544 1295 insulam
589 1236 940 1306 habitantes,
967 1235 1126 1317 quod
1168 1256 1208 1295 a
1244 1256 1307 1295 se
1346 1234 1707 1307 defecerant,
1734 1235 2009 1314 gravibus
2038 1232 2191 1295 odiis

287 1328 639 1413 damnisque
667 1332 868 1412 Illyrii
892 1334 1409 1414 prosequebantur.

367 1434 474 1489 25.
519 1430 694 1489 Missi
719 1437 856 1489 sunt
879 1428 953 1489 C.
975 1438 1038 1489 et
1057 1428 1127 1489 L.
1150 1428 1528 1491 Coruncanii.
1598 1427 1694 1490 Hi
1720 1426 1864 1488 dum
1887 1430 1949 1488 in
1978 1428 2185 1487 itinere
2212 1442 2383 1510 Polyb.

285 1533 446 1596 sunt,
477 1524 823 1606 Illyriorum
863 1528 966 1607 qui
995 1526 1249 1607 Ardyaei
1281 1535 1568 1588 vocantur
1607 1546 1715 1586 rex
1741 1524 1953 1605 Agron
1974 1524 2183 1583 ·Pleu-
2241 1540 2457 1607 Αρρὶαιι.

286 1622 400 1680 rati
448 1620 634 1695 filius,
675 1621 754 1683 ad
803 1643 980 1704 quem
1025 1624 1213 1694 ibant,
1261 1624 1466 1684 morbo
1503 1621 1775 1694 decessit,
1817 1620 1945 1681 filio
1988 1620 2184 1680 adhuc
2210 1607 2347 1673 Illyr.

285 1718 593 1798 impubere
629 1720 754 1798 (cui
789 1739 999 1779 nomen
1039 1718 1154 1780 fuit
1193 1718 1492 1799 Pinneus)
1534 1718 1779 1779 relicto:
1826 1734 2185 1797 regnumque
2242 1735 2351 1785 Liv.
2370 1751 2510 1788 xxu.

285 1834 544 1875 noverca
594 1816 760 1898 pueri
803 1815 998 1877 Teuta
1045 1817 1308 1877 consiliis
1349 1817 1673 1877 amicorum
1717 1812 2182 1875 administrabat.
2210 1803 2402 1931 ³201st
2443 1880 2487 1914 n

289 1909 454 1973 Haec
505 1913 798 1994 impotens
841 1914 1046 1984 animi,
1090 1921 1153 1973 et
1195 1914 1368 1973 rebus
1417 1912 1707 1994 prosperis
1750 1911 1931 1981 elata,
1976 1907 2187 1986 legatis
2208 1933 2260 1979 4.
2406 1900 2421 1917 ⁶
2492 1898 2507 1915 ⁶

287 2004 702 2070 Romanorum
753 2009 1094 2070 contemtim
1143 2009 1382 2081 auditis,
1433 2007 1754 2090 respondit,
1809 2016 1828 2042 ‘
1856 2025 2015 2067 curae
2070 2006 2183 2067 sibi
2206 1993 2411 2110 8Polyb.
2443 2010 2507 2045 ¹¹·

284 2102 550 2165 futurum
592 2126 667 2165 ne
702 2105 965 2166 Romani
1009 2106 1087 2167 ab
1131 2105 1361 2186 Illyriis
1383 2106 1622 2187 publice
1649 2104 2036 2165 laederentur:
2079 2123 2181 2164 ve·
2242 2091 2257 2109 “

284 2208 410 2261 tare
439 2221 583 2262 vero
606 2222 680 2263 ne
703 2203 839 2283 quis
860 2222 1096 2263 suorum
1120 2204 1400 2284 privatim
1424 2202 1650 2263 lucrum
1678 2201 1839 2282 quod
1870 2209 2066 2281 posset
2104 2220 2181 2259 ex

285 2299 430 2357 mari
462 2308 754 2379 captaret,
783 2298 844 2358 id
880 2299 1116 2379 regibus
1140 2298 1484 2381 Illyriorum
1519 2316 1893 2380 nequaquam
1917 2298 1981 2356 in
2020 2316 2181 2357 more

284 2394 542 2475 positum
575 2396 739 2457 esse?
822 2394 969 2455 Non
1005 2397 1196 2457 tenuit
1219 2396 1298 2456 ad
1324 2397 1450 2457 haec
1475 2397 1620 2457 iram
1654 2395 1847 2455 minor
1874 2394 2179 2455 Corunca-

283 2494 440 2563 nius,
467 2501 530 2552 et
562 2493 972 2574 intempestiva
1005 2494 1201 2573 potius
1232 2512 1412 2574 quam
1448 2494 1669 2572 injusta
1706 2491 1979 2551 libertate
2020 2511 2177 2564 usus,

285 2597 304 2626 ‘
327 2588 424 2650 At
459 2589 798 2664 Romanis‚’
823 2591 1034 2672 inquit,
1061 2599 1080 2628 ‘
1105 2591 1165 2652 in
1201 2610 1360 2651 more
1389 2591 1642 2672 positum
1681 2596 1791 2660 est,
1816 2587 2030 2660 Teuta,
2057 2588 2180 2669 pri-

281 2689 470 2746 vatim
509 2687 700 2749 factas
733 2689 976 2767 injurias
1010 2688 1248 2769 publice
1282 2688 1521 2768 exequi,
1549 2686 1819 2767 laesisque
1853 2685 2176 2746 consulere.

285 2782 654 2846 Conabimur
694 2793 890 2846 autem
936 2784 1076 2845 Diis
1117 2787 1264 2846 bene
1297 2783 1653 2864 juvantibus
1694 2791 1755 2842 te
1794 2781 1873 2842 ad
1914 2783 2182 2842 instituta

283 2883 448 2959 regia
495 2882 714 2963 cupide
759 2891 822 2942 et
869 2882 1138 2943 celeriter
1182 2879 1552 2942 emendanda
1594 2879 1847 2958 cogere?
1944 2879 2183 2947 Quibus

280 2977 480 3036 verbis
525 2999 702 3060 supra
741 2977 978 3039 modum
1019 2977 1245 3038 offensa
1281 2978 1516 3048 mulier,
1557 2975 1661 3036 sed
1706 2977 1905 3036 animo
1946 2977 2180 3040 interim

283 3082 604 3155 utcumque
638 3074 1026 3147 dissimulato,
1055 3074 1266 3154 legatis
1293 3076 1424 3153 jam
1457 3071 1737 3155 profectis
1770 3073 2027 3133 latrones
2066 3075 2177 3134 im-

281 3171 461 3242 misit,
503 3191 543 3231 a
582 3172 799 3253 quibus
839 3173 1028 3232 minor
1067 3171 1474 3232 Coruncanius
1511 3190 1648 3230 cum
1688 3177 1857 3250 parte
1894 3171 2178 3232 comitum

281 3266 624 3330 interfectum
654 3277 777 3340 est;
829 3271 1040 3330 ceteris
1073 3269 1133 3328 in
1161 3267 1402 3328 vincula
1423 3267 1732 3346 conjectiS,
1766 3265 2176 3348 praefectisque
2199 3279 2371 3393 ξΐω.
2433 3351 2463 3397 ⁶

2258 3361 2326 3396 Οἳ.
2351 3361 2412 3394 11.
2466 3379 2483 3399 0

277 3365 523 3426 navium
545 3367 680 3445 igne
697 3367 1032 3427 combustis.
1115 3365 1372 3444 Legatus
1396 3365 1572 3425 etiam
1595 3363 1907 3424 Issaeorum
1934 3362 2171 3424 Calem-
2199 3410 2397 3476 Appia

277 3481 458 3541 porus
483 3465 716 3524 nomine
742 3465 820 3523 ab
839 3462 1046 3523 iisdem
1069 3460 1446 3542 praedonibus
1463 3462 1693 3522 occisus
1710 3469 1817 3520 est.
1886 3459 1976 3520 Iis
2000 3462 2175 3523 rebus
2401 3446 2415 3463 ⁰

277 3555 500 3619 Romae
525 3561 778 3640 cognitis
799 3559 873 3620 T.
901 3559 1276 3620 Coruncanio
1301 3567 1363 3619 et
1386 3557 1468 3618 P.
1495 3557 1711 3618 Junios
1735 3557 1969 3617 honoris
1992 3577 2174 3619 causa
2226 3574 2356 3626 Plin.

273 3655 640 3735 tripedanea!
662 3665 871 3717 statuae
895 3657 956 3716 in
982 3655 1111 3716 foro
1133 3663 1272 3717 sunt
1295 3655 1536 3736 positae:
1581 3652 1789 3714 Teutae
1814 3673 1955 3714 vero
1978 3663 2041 3714 et
2080 3653 2168 3716 11-
2198 3643 2499 3771 xfisskass‘t.

276 3750 448 3831 lyriis
465 3753 690 3813 bellum
715 3754 1018 3815 indictum.
2197 3785 2293 3820 xx.

338 3933 368 3969 τ
403 3925 462 3974 Τ.
497 3925 794 3976 Coruncanio
828 3931 876 3977 et
909 3927 974 3977 P.
1011 3927 1186 3992 Junio]
1257 3925 1536 3978 terfectum
1549 3923 1711 3976 fuisse
1726 3930 2063 3974 memoratum
2080 3924 2170 3990 sit,

274 3989 414 4068 {iaec
435 4005 539 4040 non
558 3994 702 4070 ‘satis
729 3994 1044 4069 conveniunt
1067 4007 1186 4042 cum
1257 3994 1457 4043 duobus
1481 3994 1640 4042 honor
1660 3991 1895 4040 habetur.
1958 3989 2168 4065 Sed-ni-

273 4057 1185 4186 :¹:3¹“3133’3‘1'22'232133513⁸:522}
1254 4071 1665 4184 :1:2?3¹‡02.¹55¹3{3
1678 4055 2165 4183 ιὲἷῖξῗηξέἐέἓῖῗὲἲ

274 4185 338 4238 C-
359 4191 418 4235 et
441 4186 501 4236 1..
529 4187 866 4249 Coruncanii;
898 4188 981 4237 hic
995 4193 1182 4238 statum
1253 4187 1655 4242 Freinshemius.
1691 4200 1787 4236 nec
1827 4185 1954 4236 satis
1992 4191 2165 4234 atten-

271 4251 464 4316 positae
501 4265 616 4302 esse
669 4255 729 4303 Τ.
764 4253 1086 4304 Coruncanio
1127 4261 1184 4304 et
1252 4255 1332 4304 dit
1380 4254 1491 4304 illos
1541 4252 1683 4303 inter
1734 4265 1793 4302 se
1846 4251 2163 4316 discrepare.

269 4317 338 4367 P.
361 4316 559 4378 sanim
592 4323 650 4367 et
683 4333 800 4368 cum
838 4331 993 4368 uuum
1022 4333 1088 4368 ex
1111 4319 1186 4368 le-
1258 4322 1397 4370 Creo.

269 4383 409 4447 gatis
431 4383 683 4434 minorem
712 4383 1082 4436 Coruncanium
1105 4383 1184 4436 in·
