3300 5225
866 498 1075 550 maru
1125 499 1267 549 xx.
1313 498 1957 550 suenum-aurun.
2352 480 2519 546 1637

301 666 398 706 eos
433 643 683 723 collegat
724 642 986 703 instituto
1009 644 1307 722 cognovit,
1333 644 1574 703 miratus
1605 663 1830 715 casum,
1858 652 1921 704 et
1956 662 2059 724 spe
2091 644 2199 703 im-

301 742 522 822 pulsus,
551 739 712 821 quod
738 739 965 799 medius
990 739 1141 800 inter
1165 739 1313 800 duos
1337 738 1997 801 consularesexercitus
2021 741 2203 805 hostis

299 846 619 908 teneretur,
659 838 904 897 tribunis
949 837 1250 917 praecepit,
1293 844 1360 895 ut
1405 837 1532 896 acie
1574 836 1876 909 instructa,
1918 845 2202 917 quantum

295 935 560 995 locorum
603 942 814 994 natura
856 941 1170 1013 pateretur,
1201 932 1551 1011 quadratum
1588 953 1796 1011 agmen
1824 933 2007 1013 gradu
2046 934 2202 993 mili-

300 1032 408 1091 tari
449 1032 754 1091 ducerent.
840 1030 979 1109 Ipse
1016 1028 1422 1089 animadverso
1456 1028 1610 1089 colle
1635 1039 1960 1111 opportune
1986 1030 2199 1103 itineri,

301 1148 417 1207 qua
457 1128 658 1189 venire
701 1126 918 1186 Gallos
957 1145 1256 1185 necessum
1297 1134 1444 1197 erat,
1472 1126 1832 1197 imminente,
1862 1126 1940 1185 ad
1980 1146 2201 1208 praeoc-

297 1225 637 1305 cupandum
663 1244 800 1284 eum
823 1244 958 1283 cum
983 1223 1248 1303 equitatu
1275 1222 1593 1283 contendit.
1675 1223 2023 1284 Festinabat
2046 1225 2203 1284 enim

300 1342 432 1381 eum
471 1322 644 1381 hoste
687 1320 1112 1399 quamprimum
1157 1319 1491 1391 decernere,
1532 1331 1747 1392 certus,
1788 1321 1841 1380 si
1882 1330 2200 1399 urg-eretur,

299 1419 594 1498 collegam
618 1426 926 1480 venturum
953 1416 1246 1486 subsidi03
1293 1425 1376 1489 et,
1403 1418 1452 1477 si
1479 1418 1776 1498 inceptum
1812 1418 2200 1492 successisset,

300 1516 590 1596 potiorem
613 1516 762 1573 bene
789 1520 966 1593 gestae
991 1514 1076 1573 rei
1102 1512 1338 1573 laudem
1363 1534 1542 1595 penes
1565 1534 1628 1575 se
1654 1513 1911 1575 futuram
1935 1536 2079 1575 esse.

377 1619 482 1671 40.
527 1610 700 1671 Galli
745 1612 876 1671 viso
919 1611 980 1669 in
1023 1611 1420 1691 superioribus
1455 1610 1601 1671 locis
1648 1611 1902 1671 hostium
1943 1612 2201 1691 agmine,

299 1718 480 1767 noctu
521 1706 952 1768 circummissus
991 1707 1068 1766 ab
1114 1705 1184 1766 L.
1212 1706 1458 1767 AEmilio
1499 1695 1727 1788 equites
1766 1709 1903 1779 rati,
1934 1727 2101 1767 suum
2140 1717 2203 1767 et

297 1803 409 1884 ipsi
453 1804 784 1883 equitatum
820 1804 1115 1874 emittunt,
1153 1793 1436 1882 adjuncta
1475 1802 1624 1865 levis
1664 1814 1974 1865 armaturae
2012 1812 2200 1885 parte,

299 1900 376 1959 ad
415 1902 530 1959 iter
565 1898 961 1981 aperiendum.
1049 1898 1284 1959 Deinde
1310 1900 1678 1982 captivorum
1703 1901 1924 1962 indicio
1947 1901 2205 1962 consulis

298 1996 544 2057 alterius
594 1996 881 2058 adventus
923 1996 1190 2076 cognitus
1231 1996 1558 2078 peditatum
1607 2000 1885 2059 continuo
1924 1999 2203 2058 instruere

297 2094 498 2173 coegit
521 2094 767 2174 ancipiti
793 2094 945 2166 acie,
972 2114 1106 2173 quae
1131 2101 1266 2153 ante
1293 2102 1354 2153 et
1376 2102 1533 2154 retro
1559 2094 1618 2153 in
1644 2095 1871 2155 bostem
1893 2115 2082 2165 versa,
2111 2096 2200 2154 in-

299 2191 482 2251 terius
506 2190 790 2271 oppositis
815 2190 1065 2252 invicem
1092 2190 1268 2269 tergis
1293 2191 1630 2252 cohaereret.
1722 2190 1892 2252 Nam
1918 2190 2203 2253 videbant

299 2306 339 2345 a
375 2285 574 2347 fronte
610 2286 686 2347 C.
714 2285 972 2347 Atilium
1015 2288 1268 2348 instare:
1311 2307 1350 2346 a
1389 2295 1552 2367 tergo
1589 2288 1757 2368 sequi
1798 2286 1868 2348 L.
1894 2287 2202 2347 AEmilium

300 2392 608 2444 noverant.
693 2382 865 2444 Huic
905 2383 1079 2462 igitur
1120 2402 1197 2443 ex
1243 2382 1636 2465 Transalpino
1682 2403 1890 2463 genere
1932 2384 2199 2445 mercede

297 2478 648 2549 conductos,
685 2480 788 2558 qui
833 2482 910 2540 ab
956 2500 1242 2541 armorum
1285 2481 1516 2540 nomine
1554 2480 1853 2541 Gaesatae⁹
1890 2490 2197 2553 vocantur,
2245 2491 2351 2543 Liv.
2376 2509 2529 2545 xxm

297 2585 700 2656 opposuerunt
718 2578 776 2636 in
806 2577 996 2657 prima
1021 2577 1183 2647 acie:
1229 2586 1362 2659 post
1384 2578 1492 2638 hos
1511 2578 1570 2638 in
1591 2576 1863 2638 subsidiis
1890 2577 2195 2639 Insubres:
2222 2561 2397 2676 οδω..
2425 2639 2501 2677 m

299 2680 367 2731 at
389 2671 663 2733 Taurisci
693 2673 950 2752 Boiique
977 2673 1254 2736 adversus
1277 2673 1580 2740 Atilianus
1603 2677 1805 2756 copias
1830 2675 2009 2736 locati
2034 2684 2195 2736 sunt:
2226 2692 2306 2738 13.

296 2768 524 2828 &edis
548 2769 760 2830 deinde
786 2771 1078 2850 carrisque
1097 2792 1278 2832 cornu
1301 2780 1606 2853 utrumque
1626 2772 1959 2833 vallarunt:
2000 2763 2201 2854 praed'a
2223 2752 2395 2819 P⁰¹5b·

297 2884 436 2925 cum
465 2865 681 2926 idoneo
706 2867 978 2948 praesidio
1001 2868 1260 2930 vicinum
1287 2869 1347 2928 in
1373 2869 1589 2929 collem
1612 2870 1867 2949 seposita
1890 2877 1995 2930 est.
2060 2869 2101 2928 J
2105 2889 2202 2929 am

299 2965 556 3043 pugnari
598 2964 675 3024 ad
712 2963 1000 3024 tumulum
1026 2966 1104 3026 ab
1141 2965 1216 3026 C.
1241 2965 1437 3025 Atilio
1460 2974 1813 3046 occupatum
1838 2974 2116 3048 coeperat,
2140 2975 2203 3027 et

301 3079 382 3120 ex
424 3080 498 3120 eo
539 3061 898 3139 conjiciebat
938 3060 1006 3122 L.
1029 3062 1305 3122 AEmilius
1346 3061 1548 3122 adesse
1585 3061 1898 3142 collegam,
1925 3065 2093 3143 cujus
2124 3063 2201 3123 de

301 3157 512 3217 itinere
540 3157 684 3217 nihil
711 3157 972 3218 babebat
997 3168 1377 3240 compertum,
1407 3167 1797 3240 praeterquam
1822 3159 1982 3240 quod
2015 3179 2201 3241 appu-

301 3251 440 3312 lisse
481 3253 664 3314 Pisas
703 3254 1025 3316 audiverat.
1109 3255 1302 3334 Igitur
1338 3277 1414 3315 ex
1451 3265 1711 3336 tempore
1736 3257 1979 3316 consilio
2003 3265 2202 3338 captu,

303 3351 536 3430 equites
557 3371 694 3410 suos
719 3360 782 3410 et
807 3351 926 3432 ipse
953 3350 1032 3412 ad
1055 3352 1270 3413 collem
1291 3353 1392 3411 ubi
1417 3351 1789 3433 pugnabatur
1801 3354 1981 3431 jussit
1999 3373 2202 3415 accur-

303 3467 450 3506 rere.
539 3447 844 3507 Certatum
885 3449 970 3507 ibi
1007 3457 1097 3508 est
1132 3450 1382 3530 equestri
1423 3448 1628 3530 praelio
1654 3451 1957 3522 acerrimo,
1985 3451 2043 3509 in
2084 3471 2205 3530 quo

304 3553 366 3602 et
409 3543 486 3603 C.
515 3543 748 3604 Atilius
785 3544 986 3605 consul
1029 3547 1257 3607 occisus
1296 3555 1404 3617 est,
1431 3548 1673 3626 ejusque
1715 3556 1897 3627 caput
1920 3545 1999 3606 ad
2038 3567 2203 3626 reges
2258 3567 2406 3620 Diod.
2424 3555 2529 3622 εει,

307 3638 628 3701 Gallorum
662 3641 942 3701 relatum:
991 3641 1070 3702 ad
1093 3652 1420 3703 extremum
1445 3651 1642 3702 tamen
1683 3643 1906 3703 connisi
1947 3644 2086 3704 totis
2110 3644 2199 3705 vi·
2226 3633 2261 3680 ¹·
2284 3649 2413 3685 '‘¹¹'-

307 3737 470 3797 ribus
498 3736 784 3810 Romani,
809 3737 943 3800 loco
969 3748 1220 3811 retento,
1248 3741 1470 3800 hostem
1496 3738 1782 3820 repulere.
2225 3698 2399 3765 Polyb.

388 3839 492 3892 41.
538 3833 799 3894 Decreta
838 3835 994 3896 hunc
1035 3836 1112 3896 ad
1148 3835 1386 3896 modum
1425 3836 1680 3914 equestri
1718 3856 1937 3917 pugna,
1976 3835 2203 3917 pedites

303 3949 671 3990 concurrere.
757 3929 858 3990 Ibi
899 3953 1036 3994 vero
1077 3941 1373 3994 certamen
1408 3931 1650 3992 vidisses
1674 3952 1808 3992 cum
1846 3952 2085 3993 numero
2111 3941 2201 3992 at-

306 4046 424 4106 que
465 4026 673 4086 robore
716 4027 993 4100 virorum,
1019 4039 1151 4090 tum
1169 4031 1298 4110 ipsa
1333 4028 1711 4108 dispositione
1744 4028 2001 4088 acierum
2034 4029 2201 4088 terri-

305 4122 465 4183 bile:
520 4142 656 4183 cum
697 4125 847 4184 inter
887 4125 1036 4186 duos
1073 4126 1379 4186 Romanos
1417 4127 1709 4185 exercitus
1748 4125 2062 4186 Gallorum
2112 4126 2200 4185 in-

305 4227 572 4300 tercepta
607 4220 922 4282 multitudo
967 4223 1140 4282 simul
1185 4223 1244 4282 in
1279 4231 1550 4303 utrosque
1587 4224 1835 4284 obversa
1873 4223 2197 4294 dimicaret,

569 4385 594 4420 1
633 4377 869 4444 Goesatae]
904 4380 1025 4433 vid.
1047 4381 1196 4434 Voss.
1220 4381 1286 4433 de
1308 4369 1416 4433 Vit.
1436 4380 1716 4448 Sermonis,
1738 4395 1778 4434 1.
1796 4383 1846 4436 2.
1882 4381 2024 4432 Creu.
