3300 5225
814 507 987 575 1780
1574 570 1582 577 .
1750 523 1820 569 τ.
1867 522 2056 571 mvn

814 688 1011 754 vagae
1050 688 1172 756 per
1212 669 1383 747 vias,
1416 687 1569 754 quae
1613 688 1854 755 repens
1885 668 2113 735 clades
2151 668 2382 745 allata,
2424 688 2715 756 qumque
2743 668 3022 734 fortuna

817 775 1161 840 exercitus
1190 780 1395 853 esset,
1416 774 1658 841 obvios
1683 780 2258 857 percunctantur.⁴
2343 773 2436 838 Et
2463 794 2615 838 cum
2645 772 3024 858 frequentis

818 878 1159 943 concionis
1182 877 1384 943 modo
1404 878 1601 944 turba
1616 877 1689 941 in
1711 876 2056 943 comitium
2083 884 2154 942 et
2174 877 2426 942 curiam
2446 895 2648 941 versa
2667 876 3022 959 magistra-

815 986 925 1045 tus
976 986 1290 1063 vocaret3
1333 980 1604 1046 tandem
1655 979 1835 1045 haud
1871 981 2084 1046 multo
2135 985 2290 1046 ante
2337 979 2503 1045 solis
2545 998 2869 1045 occasum
2909 976 3023 1043 M.

820 1080 1243 1167 Pomponius
1275 1091 1546 1169 praetor,
1578 1087 1597 1119 ‘
1618 1081 1903 1169 Pugna,'
1946 1082 2190 1168 inquit,
2220 1087 2242 1117 ‘
2262 1102 2506 1165 magna
2529 1082 2690 1148 victi
2719 1100 2966 1147 sumus
2987 1077 3026 1147 ε’

820 1192 911 1265 et,
937 1206 1321 1272 quanquam
1352 1187 1511 1251 nihil
1547 1188 1796 1253 certius
1825 1205 1916 1252 ex
1944 1206 2029 1252 eo
2072 1186 2378 1252 auditum
2406 1192 2534 1264 est,
2570 1193 2796 1250 tamen
2841 1182 3024 1249 alius

820 1291 909 1355 ab
941 1291 1079 1355 alio
1106 1290 1362 1376 impleti
1388 1291 1768 1355 rumoribus
1797 1289 2036 1355 domos
2065 1284 2382 1369 referunt,
2423 1292 2446 1323 ‘
2469 1288 2811 1354 consulem
2861 1306 3024 1351 cum

818 1412 1064 1475 magua
1092 1399 1283 1477 parte
1312 1393 1661 1478 copiarum
1688 1413 1982 1459 caesum:
2027 1410 2378 1477 superesse
2408 1410 2690 1476 paucos,
2714 1401 2836 1456 aut
2855 1389 3024 1473 fuga

821 1496 1083 1580 passim
1110 1516 1228 1581 per
1256 1495 1589 1563 Etruriam
1624 1516 1927 1582 sparsose,
1945 1502 2060 1562 aut
2092 1509 2338 1580 captos
2381 1496 2468 1559 ab
2506 1490 2739 1560 hoste?
2824 1490 3026 1573 Quot

820 1618 1021 1665 casus
1070 1601 1407 1666 exercitus
1433 1600 1601 1667 victi
1642 1601 1922 1678 fuerant,
1953 1604 2052 1666 tot
2070 1599 2140 1665 in
2182 1618 2380 1665 curas
2425 1597 2760 1683 dispertiti
2787 1616 3022 1663 eorum

806 1702 1025 1767 ‘animi
1056 1710 1268 1782 eraut,
1309 1723 1593 1789 quorum
1647 1704 2009 1790 propinqui
2051 1704 2181 1768 sub
2228 1701 2312 1767 C.
2355 1701 2691 1767 Flaminio
2745 1700 3024 1767 consule

824 1815 1217 1885 meruerant,
1261 1807 1730 1889 ignorantium,
1761 1827 1914 1892 quae
1943 1805 2275 1892 cujusque
2305 1824 2570 1871 suorum
2601 1804 2870 1869 fortuna
2911 1824 3024 1870 es-

824 1914 949 1973 set.
1037 1907 1107 1973 N
1108 1928 1190 1974 ec
1240 1910 1593 1995 quisquam
1640 1910 1811 1975 satis
1857 1914 2106 1975 certum
2141 1907 2370 1987 habet,
2415 1909 2578 1995 quid
2625 1912 2744 1973 aut
2771 1912 3024 1992 speret,

823 2019 941 2077 aut
968 2013 1228 2078 timeat.
1316 2012 1603 2078 Postero
1632 2033 1717 2079 ac
1747 2012 2068 2097 deinceps
2105 2013 2368 2099 aliquot
2389 2012 2632 2079 diebus
2662 2010 2752 2077 ad
2781 2024 3025 2095 portas

820 2114 1037 2199 major
1065 2134 1273 2201 prope
1302 2116 1676 2195 mulierum,
1708 2136 1907 2200 quam
1936 2116 2249 2192 virorum,
2276 2115 2634 2181 multitudo
2663 2115 2872 2193 stetit,
2901 2120 3028 2180 aut

823 2238 1097 2283 suorum
1125 2220 1439 2304 aliquem,
1470 2226 1591 2285 aut
1616 2220 1888 2285 nuntios
1918 2218 2002 2284 de
2043 2218 2152 2284 his
2179 2219 2580 2304 opperiens:
2615 2217 3028 2285 circumfun-

825 2320 1275 2408 debanturque
1321 2323 1543 2389 obviis
1592 2323 2058 2404 sciscitantes;
2121 2341 2337 2406 neque
2390 2320 2619 2401 avelli,
2660 2320 2889 2406 utique
2932 2321 3022 2386 ab

824 2426 1026 2505 notiS,
1085 2427 1295 2511 prius,
1351 2446 1554 2513 quam
1607 2426 1841 2491 ordine
1884 2426 2106 2491 omnia
2161 2426 2621 2511 inquisissent,
2678 2430 3024 2511 poterant.

826 2527 997 2594 Inde
1027 2530 1249 2595 varios
1277 2529 1501 2596 vultus
1530 2528 2036 2614 digredientium
2059 2536 2084 2577 ⁵
2129 2530 2218 2594 ab
2267 2528 2523 2594 nuntiis
2554 2546 2891 2606 cerneres,
2945 2534 3024 2592 ut

826 2635 1077 2719 cuique
1105 2640 1225 2700 aut
1266 2633 1435 2699 laeta
1480 2639 1597 2699 aut
1632 2635 1854 2699 tristia
1897 2632 2413 2700 nuntiabantur:
2481 2632 3026 2718 gratulantesque

824 2743 943 2806 aut
988 2737 1411 2803 consolantes
1454 2737 1894 2802 redeuntibus
1938 2736 2179 2802 domos
2215 2735 2687 2803 circumfusos.
2775 2735 3028 2802 Foemi-

826 2856 1057 2902 narum
1087 2839 1423 2924 praecipue
1445 2844 1511 2904 et
1537 2837 1787 2921 gaudia
1815 2839 2103 2923 insignia
2131 2847 2341 2919 erant,
2369 2846 2441 2904 et
2465 2839 2713 2905 luctus.
2800 2837 3028 2905 Unam

825 2941 895 3006 in
924 2941 1081 3026 ipsa
1107 2947 1327 3026 porta,
1354 2943 1604 3027 sospiti
1655 2943 1795 3009 filio
1839 2951 2112 3028 repente
2141 2941 2491 3022 oblatam,⁶
2532 2943 2602 3007 in
2649 2951 3028 3027 conspectu

828 3043 976 3128 ejus
1002 3046 1353 3130 expirasse
1382 3045 1639 3129 serunt3
1685 3046 1985 3127 alteram,
2026 3045 2138 3112 cui
2165 3064 2347 3112 mors
2373 3046 2492 3112 filii
2521 3046 2697 3111 falso
2717 3044 3030 3112 nuntiata

830 3154 996 3229 erat,
1027 3157 1334 3216 moestam
1368 3149 1709 3216 sedentem
1740 3148 1944 3229 domi,
1977 3149 2066 3216 ad
2109 3150 2398 3237 primum
2436 3154 2878 3234 conspectum
2924 3169 3032 3215 re·

829 3253 1095 3319 deuntis
1134 3251 1259 3318 filii
1288 3252 1533 3336 gaudio
1558 3253 1768 3318 nimio
1794 3255 2268 3320 exanimatam.
2355 3252 2672 3320 Senatum
2701 3260 3029 3338 praetores

828 3376 949 3442 per
970 3357 1115 3423 dies
1142 3357 1404 3441 aliquot
1450 3358 1537 3422 ab
1584 3363 1732 3422 orto
1756 3365 1783 3407 ⁷
1831 3377 2046 3443 usque
2093 3358 2182 3423 ad
2229 3356 2647 3422 occidentem
2691 3358 2911 3423 solem
2957 3359 3030 3424 in

832 3461 1019 3526 curia
1046 3461 1344 3538 retinent,
1373 3459 1855 3541 consultantes,
1889 3480 2180 3547 quonam
2213 3461 2409 3541 duce,
2450 3465 2569 3526 aut
2607 3462 2857 3546 quibus
2907 3481 3030 3529 co-

833 3565 991 3649 piis,
1014 3563 1238 3630 resisti
1269 3563 1631 3630 victoribus
1664 3563 1900 3631 Poenis
1929 3569 2193 3650 posset.

916 3669 982 3734 8.
1032 3668 1225 3734 Prius
1268 3687 1471 3754 quam
1527 3669 1698 3735 satis
1737 3677 1926 3736 certa
1973 3669 2256 3736 consilia
2305 3663 2560 3746 essent,
2609 3687 2854 3753 repens
2895 3669 3032 3738 alia

830 3771 1170 3837 nuntiatur
1212 3770 1481 3838 clades:
1523 3777 1811 3857 quatuor
1858 3775 2071 3840 millia
2111 3772 2433 3858 equitum,
2469 3790 2625 3837 cum
2672 3768 2754 3836 C.
2781 3771 3032 3839 Cente-

832 3875 949 3941 nio
980 3874 1005 3914 ⁸
1051 3894 1175 3960 pro
1204 3881 1489 3960 praetore
1512 3876 1722 3942 missa
1741 3877 1828 3943 ad
1855 3876 2176 3959 collegam
2205 3878 2291 3942 ab
2313 3873 2599 3941 Servilio
2628 3875 2932 3956 consule,
2959 3877 3032 3942 iu

834 3976 1173 4059 Umbria,¹’
1214 3999 1350 4065 quo
1374 3985 1533 4064 post
1562 3999 1858 4065 pugnam
1886 3981 1975 4047 ad
2003 3979 2476 4046 Trasimenum
2507 3977 2812 4044 auditam
2842 3997 3033 4046 aver·

1753 4179 1870 4199 0000
1873 4179 1902 4198 O
1907 4179 1960 4200 ’θ
1963 4177 2112 4200 “On

834 4299 1025 4358 quatur
1046 4291 1257 4344 Livius?
1288 4292 1577 4344 Stroth—8
1614 4294 1694 4344 Ex
1713 4293 1850 4344 vario
1869 4293 2008 4358 conj.
2028 4293 2338 4345 Erotem—4
2367 4295 2384 4323 ‘
2405 4293 2568 4342 Forte
2587 4289 3037 4356 percunctabantur,

834 4365 926 4435 ant
958 4357 1026 4408 eit
1060 4371 1154 4421 pro
1182 4357 1341 4410 esset?
1378 4359 1659 4410 Rauen-⁵
1693 4359 2093 4423 neg-»wiennam
2126 4372 2223 4425 pro
2251 4359 2441 4422 digred-
2475 4359 2710 4424 reposuit
2741 4358 3036 4411 Rauen—6

836 4420 976 4473 Olim
998 4422 1270 4474 eblum—7
1306 4423 1434 4476 Mu.
1458 4423 1571 4476 fere
1592 4440 1771 4477 omnes
1791 4425 1852 4476 ab
1868 4429 1996 4476 ortu.
