3300 5225
820 428 1026 523 iram
1075 470 1249 521 xxx..
1295 469 1947 521 supremam-uu.
2314 448 2489 516 1603

269 654 394 715 que
411 633 656 697 classem
682 632 924 696 duceret
941 636 958 694 !
973 636 992 665 '
1073 632 1274 696 Nulla
1295 632 1418 694 fere
1443 630 1659 695 nobilis
1696 627 1913 692 Romae
1954 628 2163 690 domus

266 742 418 804 erat,
463 734 606 813 quin
649 732 970 793 Claudiam
1017 741 1252 811 gentem
1295 730 1626 813 propinqua
1664 729 2013 809 cognatione
2060 736 2165 786 aut

267 828 554 889 affinitate
577 830 958 909 contingeret.
1041 829 1258 910 Itaque
1283 848 1403 889 non
1437 829 1683 889 deerant
1706 827 1809 907 qui
1834 845 1993 886 ream
2034 833 2169 885 tue-

267 935 488 1001 rentur,
517 927 846 989 claritatem
883 926 1147 998 familiae,
1175 927 1360 1008 patris
1383 924 1576 1007 Appii
1601 924 1831 996 merita,
1874 922 2164 1002 fragilita-

265 1031 388 1083 tem
415 1044 598 1083 sexus
621 1024 1038 1086 obtendentes:
1083 1032 1102 1060 ‘
1125 1024 1451 1084 inauditum
1473 1042 1604 1083 oese·
1625 1021 1889 1083 foeminas
1908 1020 1986 1081 ad
1994 1018 2161 1099 judi-

265 1119 426 1179 cium
453 1120 662 1202 populi
697 1123 894 1183 vocari
920 1141 937 1180 :
979 1140 1168 1201 neque
1207 1122 1351 1181 satis
1397 1138 1633 1199 gravem
1675 1137 1937 1191 causam,
1978 1136 2085 1176 cur
2124 1136 2161 1176 a
2186 1122 2381 1173 Sueten.

267 1214 536 1277 Claudia
557 1238 686 1277 mos
707 1238 893 1279 novus
915 1219 1222 1300 inciperet,
1249 1238 1405 1299 quae,
1432 1216 1596 1277 nullo
1623 1224 1729 1276 aut
1764 1214 2032 1286 consilio,
2060 1222 2165 1274 aut

265 1312 428 1373 facto
469 1316 780 1393 majestate
825 1316 1029 1397 populi
1073 1314 1336 1376 Romani
1379 1314 1705 1385 deminuta,
1746 1320 1977 1373 tantum
2010 1311 2165 1371 intra

263 1410 452 1470 verba
475 1412 879 1492 peccavisset?
959 1411 1298 1473 Adversum
1322 1431 1456 1493 quae
1483 1410 1602 1471 duo
1615 1409 2052 1490 tribuniplebis
2078 1409 2165 1467 ita

263 1505 630 1568 dioeeruere:
661 1516 680 1544 ‘
701 1508 902 1576 Quam
926 1509 1192 1591 impiam,
1208 1528 1506 1590 quamque
1525 1505 1936 1569 detestabilem
1956 1524 2163 1566 vocem

267 1601 536 1663 Claudia
569 1606 806 1685 Jecerit,
833 1626 949 1667 non
973 1607 1276 1686 ignoratis,
1303 1606 1567 1674 Quirites
1591 1625 1606 1665 z
1649 1623 1840 1684 neque
1866 1602 2020 1662 enim
2046 1611 2161 1661 tes-

261 1699 528 1762 timoniis
545 1723 698 1785 opus
719 1712 829 1777 est,
849 1703 1169 1765 confitente
1193 1723 1331 1765 rea:
1373 1723 1562 1784 neque
1590 1702 1773 1762 etiam
1793 1699 1901 1761 illa
1924 1716 2161 1777 negare,

261 1797 312 1857 si
335 1797 546 1871 vellet,
573 1810 788 1881 posset,
816 1801 976 1883 quod
1001 1801 1200 1883 palam
1224 1802 1287 1861 iu
1311 1800 1573 1883 publico,
1613 1819 1731 1859 non
1757 1796 1797 1857 J
1799 1816 1991 1867 ovem,
2027 1814 2169 1855 eum

261 1894 376 1953 sub
400 1894 506 1956 dio
527 1896 654 1957 haec
670 1898 915 1970 diceret,
937 1918 1054 1961 non
1071 1898 1504 1959 multitudinem
1523 1900 1711 1978 ipsam
1725 1895 1966 1964 civium,
1982 1910 2168 1972 quam·

263 1990 601 2065 incusabat,
626 1996 898 2067 reverita,
925 1996 1153 2058 effudit.
1238 1995 1534 2063 Quorsum
1571 1993 1769 2073 igitur,
1789 2008 1929 2051 cum
1944 1988 2021 2050 de
2046 1990 2169 2049 cri·-

263 2089 430 2148 mine
465 2099 715 2161 constet,
756 2092 832 2152 de
873 2112 1046 2173 poena
1089 2092 1470 2153 dubitamus?
1511 2090 1816 2151 Parumne
1857 2086 2167 2165 diligenter
2220 2106 2278 2157 L,
2300 2110 2381 2156 2⁹.
2402 2118 2461 2156 et

265 2185 504 2264 legibus
517 2196 750 2247 cautum
771 2190 902 2247 est?
927 2208 1002 2248 an
1031 2210 1157 2260 nos,
1172 2190 1356 2249 verba
1377 2188 1576 2267 leg-um
1591 2192 1989 2253 numerantes,
2002 2202 2163 2245 men·
2186 2188 2287 2238 neq.
2303 2172 2353 2219 ff.
2374 2173 2437 2221 de

263 2292 392 2343 tem
432 2301 636 2342 earum
672 2284 1076 2345 circumveniri
1099 2284 1397 2365 patimur?
1439 2282 1765 2344 Foeminam
1802 2281 1917 2341 hoc
1932 2279 2165 2360 judicio
2189 2238 2474 2356 {efflusi-nb.

263 2378 395 2460 peti
441 2399 658 2440 novum
697 2400 822 2439 ease
863 2380 1250 2441 contendunt.
1330 2380 1478 2441 Esto
1501 2400 1524 2440 τ
1561 2398 1777 2441 novum
1802 2377 1959 2437 enim
1984 2377 2164 2437 etiam

263 2486 382 2549 est,
416 2476 713 2537 foeminam
731 2477 848 2538 hoc
871 2486 1048 2559 pacto
1073 2477 1445 2559 delinquere:
1489 2476 1742 2538 necdum
1780 2475 1936 2535 enim
1980 2470 2164 2533 ullam

264 2582 446 2635 tanta
479 2574 856 2656 improbitate
884 2574 1183 2636 mulierem
1209 2576 1348 2636 urbs
1385 2582 1584 2636 nostra
1607 2574 1843 2636 tulerat.

345 2679 456 2732 41.
501 2681 522 2708 ‘
541 2671 754 2753 Atque
779 2673 1006 2732 utinam
1031 2693 1105 2734 ne
1130 2693 1286 2734 nunc
1312 2671 1550 2754 quidem
1575 2693 1791 2734 novum
1830 2670 2167 2752 exemplum

262 2769 454 2830 statui
481 2759 840 2850 opuseeset!
883 2770 1194 2830 mallemus
1233 2770 1496 2851 profecto
1521 2769 1701 2830 nullis
1736 2768 1967 2830 delictis
2003 2768 2173 2849 quie-

265 2875 398 2926 tam
423 2885 500 2926 ac
524 2864 710 2926 veluti
737 2865 1036 2927 conditam
1062 2867 1260 2946 legum
1301 2868 1488 2927 aciem
1514 2867 1663 2948 pati,
1692 2885 1870 2948 quam
1896 2865 2176 2927 adversus

265 2971 573 3035 nocentes,
601 2963 734 3022 utili
761 2963 1022 3044 quidem,
1063 2963 1168 3024 sed
1211 2973 1410 3024 tamen
1449 2965 1688 3037 acerbo,
1721 2964 1909 3044 rigore
1933 2963 2167 3024 distrin-

265 3081 430 3140 gere.
520 3059 799 3121 Ceterum
825 3061 1052 3122 civitati
1077 3069 1232 3122 stare
1254 3060 1476 3122 volenti
1501 3063 1825 3122 necessaria
1859 3061 2056 3140 legum
2080 3070 2171 3122 est

265 3157 577 3218 custodia:
633 3177 782 3237 quas
821 3159 1024 3240 utique
1063 3159 1300 3219 minime
1343 3157 1630 3220 deberent
1665 3159 2019 3230 subvertere,
2067 3159 2169 3240 qui

267 3255 618 3335 reipublicae
667 3264 880 3316 nostrae
925 3257 1216 3337 principes
1249 3264 1312 3315 et
1349 3255 1647 3317 columina
1694 3256 1896 3315 haberi
1940 3255 2166 3316 volunt.

267 3351 452 3418 Quos
471 3351 738 3433 profecto
751 3355 912 3432 juris
944 3353 1132 3413 omnis
1163 3353 1542 3434 peritissimos
1577 3352 1759 3414 latere
1800 3372 1917 3412 non
1951 3361 2165 3433 potest,
2190 3334 2503 3450 &ga-‘¹‘

263 3468 410 3508 cum
433 3447 702 3529 pluribus
723 3450 784 3509 in
824 3449 1054 3529 leg-ibus
1071 3449 1239 3510 nulla
1263 3451 1340 3511 sit
1371 3471 1650 3532 expressa
1673 3449 1979 3510 mulierum
2005 3470 2167 3510 men·
2193 3481 2242 3519 1..
2260 3465 2339 3516 tit.
2360 3471 2447 3517 ιο.

263 3547 377 3617 tic,
421 3547 608 3607 verbo
629 3551 686 3608 si
711 3549 868 3630 quis,
903 3556 967 3607 et
1007 3547 1313 3618 similibus,
1355 3568 1470 3608 non
1513 3548 1705 3607 minus
1746 3546 1911 3607 illum
1936 3567 2165 3620 sexum,

263 3663 458 3723 quam
481 3643 868 3705 masculinum
892 3645 1194 3706 contineri.
1257 3645 1424 3712 Quid
1455 3645 1632 3725 igitur
1656 3646 1885 3716 mirum,
1912 3645 1961 3704 si
1986 3644 2167 3724 leges,

264 3759 410 3820 quae
449 3739 528 3800 de
553 3743 862 3821 majestate
886 3742 1024 3803 latae
1049 3752 1206 3816 sunt,
1238 3742 1316 3802 ad
1342 3742 1626 3803 utrumvis
1648 3762 1855 3803 sexum
1880 3743 2169 3823 pertinere

264 3835 590 3910 credimus,
628 3857 763 3898 cum
788 3839 1066 3921 exemplo
1091 3840 1168 3900 sit
1198 3841 1398 3900 isthaec
1425 3839 1707 3912 Claudia,
1736 3840 1813 3899 ab
1839 3841 2061 3900 utrovis
2106 3841 2165 3899 in

262 3955 374 3994 eas
399 3935 637 4015 peccari
662 3936 872 4016 posse?
913 3935 1034 3996 Sed
1062 3937 1299 3997 elevant
1317 3936 1406 3996 illi
1425 3957 1570 4009 rem,
1596 3955 1957 4019 parvumque
1980 3937 2166 3997 videri

262 4030 560 4092 delictum
582 4032 813 4103 volunt,
838 4033 999 4113 quod
1027 4033 1182 4094 ultra
1199 4035 1381 4094 verba
1405 4054 1520 4094 non
1547 4035 1938 4115 processisset.
2017 4033 2165 4099 Hoc

259 4129 430 4189 enim
455 4128 738 4201 restabat,
779 4139 846 4189 ut
884 4139 1183 4202 conatum,
1228 4130 1506 4202 studium,
1553 4130 1718 4190 facta
1758 4134 2163 4213 conjungeret,

257 4245 406 4286 cum
434 4223 643 4310 Poenis
666 4225 912 4286 consilia
935 4227 1206 4298 sociaret,
1231 4228 1586 4287 centuriaret
1610 4215 1893 4300 homineS,
1916 4243 2175 4294 armaret

258 4322 530 4392 servitia,
574 4333 890 4404 occuparet
915 4323 1299 4404 Capitolium,
1345 4334 1408 4384 et
1431 4333 1674 4406 pestem,
1721 4347 1897 4405 quam
1936 4329 2179 4390 civibus

263 4418 454 4480 verbo
479 4429 744 4492 voverat,
771 4441 942 4502 opere
965 4441 1194 4502 quoque
1217 4421 1345 4502 ipso
1372 4430 1432 4482 et
1458 4441 1636 4482 manu
1660 4421 1939 4482 inferret?
