3300 5225
780 447 958 518 1600

1746 467 1819 516 '1'-
1864 467 2059 518 mvn

1110 629 1394 693 perquem
1435 617 1608 692 aptus
1653 609 1935 692 Drepano
1976 618 2082 672 aut
2122 610 2393 694 mybaeo
2435 609 2681 674 Italiam
2722 612 3019 696 petituris,

1108 727 1244 772 eum
1287 727 1444 789 aqua
1479 707 1644 770 dulei
1686 709 1946 790 eopiosa.
2032 708 2246 770 Tribus
2278 709 2514 770 omnino
2548 711 2659 772 viis
2699 711 2809 772 iste
2848 731 3023 772 mons

1109 803 1264 866 adiri
1299 813 1524 886 potest·
1569 825 1608 865 a
1645 813 1802 866 terra
1845 805 1967 867 duo
2006 814 2143 867 sunt
2180 806 2397 880 aditus,
2434 827 2583 869 unus
2622 827 2662 870 a
2700 809 2875 882 meri,
2908 806 3017 870 sed

1109 920 1312 964 omnes
1339 902 1608 984 impediti
1633 912 1697 964 et
1720 901 2109 987 perdifficiles.

1189 1006 1291 1062 34.
1334 999 1466 1062 Hie
1489 1010 1686 1062 castra
1708 1002 1933 1064 locavit
1951 1001 2292 1075 Hamilcar,
2314 1000 2529 1064 audaci
2548 1001 2725 1083 plane
2744 1000 3018 1074 oonsilio,

1107 1115 1244 1158 cum
1269 1097 1470 1158 urbem
1493 1100 1715 1160 sociam
1739 1098 1964 1160 habens
1986 1099 2225 1161 omnino
2249 1099 2513 1160 nullum
2498 1119 2558 1158 ιιι
2578 1097 2803 1160 medios
2820 1099 3022 1160 hostes

1105 1213 1170 1254 se
1207 1193 1578 1256 demitteret·
1619 1195 1726 1257 sed
1764 1195 2087 1258 munitione
2129 1195 2269 1268 loci,
2296 1215 2519 1276 suaque
2559 1197 2777 1256 virtute
2812 1205 2879 1258 et
2912 1216 3017 1277 pe-

1107 1291 1244 1352 ritia
1283 1292 1366 1352 rei
1407 1291 1676 1354 militaris
1698 1291 1974 1366 confisus,
2001 1292 2317 1374 plurimum
2342 1292 2563 1372 negotii
2588 1291 2885 1354 Romanis
2908 1313 3017 1354 ex·

1107 1387 1323 1461 hibuit,
1367 1389 2061 1470 Carthaginiensiumque
2102 1411 2195 1450 res
2233 1389 2411 1450 valde
2448 1387 2841 1462 confirmavit,
2880 1410 3019 1470 quae

1093 1486 1234 1566 jam
1273 1485 1454 1546 efiam
1496 1486 1660 1548 domi
1704 1488 1845 1548 satis
1888 1506 2163 1569 prospere
2204 1488 2287 1547 ire
2328 1495 2642 1568 eoeperant.
2728 1485 3017 1567 Namque

815 1581 1430 1650 Diod-⁸1³·Poenorum
1471 1583 1624 1644 alius
1661 1584 1785 1644 dux
1830 1583 2083 1657 Hanno,
2109 1584 2207 1645 cui
2241 1604 2379 1645 eum
2408 1583 2761 1644 Hamilcare
2784 1585 3023 1646 virtutis

782 1647 948 1700 vales.
971 1648 1006 1700 l.

783 1729 942 1764 XXXXX

1107 1689 1239 1740 erat
1275 1679 1597 1753 mulatio,
1637 1680 1842 1760 glorioe
1884 1679 2160 1762 parandae
2202 1699 2405 1753 eausa,
2444 1681 2619 1742 simul
2660 1689 2728 1740 ut
2766 1680 3017 1742 militem

781 1778 956 1846 Polyb.
963 1793 981 1828 1
987 1782 1084 1832 ..⁷⁸
1107 1775 1256 1838 eitra
1295 1786 1552 1838 sumtum
1593 1777 1855 1839 civitatis
1893 1796 1971 1838 ex
2015 1778 2239 1838 hostico
2278 1776 2483 1849 aleret,
2526 1777 2805 1859 belloque
2842 1798 3016 1839 exer-

782 1843 939 1897 Diod.

779 2261 951 2314 zonat.

1107 1883 1290 1946 eeret,
1335 1875 1543 1955 Libyae
1585 1874 1738 1956 parti
1786 1895 1921 1955 quae
1962 1875 2119 1936 eirea
2162 1874 2651 1956 Hecatompylon
2696 1883 2809 1947 est,
2850 1894 3019 1936 arma

1110 1970 1422 2042 intulerat:
1477 1980 1543 2032 et
1580 1973 1723 2032 urbe
1766 1974 2010 2053 potitus,
2056 1972 2329 2033 obsidum
2369 1973 2487 2032 ιτὶιι
2526 1971 2713 2034 millia
2758 1971 3017 2034 Cartha·-

1111 2068 1306 2146 giuem
1329 2067 1677 2130 deduxerat.

1190 2172 1294 2228 35.
1336 2163 1560 2246 Neque
1579 2174 1777 2226 tamen
1805 2186 2225 2247 usquequaque
2250 2185 2341 2226 res
2365 2167 2451 2228 eis
2475 2166 2630 2228 laetae
2654 2185 2727 2226 eo
2752 2171 3017 2246 tempore

1108 2261 1293 2324 fuere.
1374 2261 1617 2344 Quippe
1664 2262 1732 2323 L.
1779 2261 2029 2323 caecilio
2056 2264 2127 2324 L.
2155 2263 2228 2325 F.
2254 2263 2331 2325 C.
2361 2263 2453 2324 N.
2501 2262 2759 2324 Metello
2804 2281 3017 2324 secun·

1107 2358 1272 2431 dum,
1309 2357 1502 2420 Num.
1549 2359 1743 2420 Fabio
1787 2360 1880 2422 Μ.
1926 2359 1997 2420 F.
2044 2360 2139 2422 Μ.
2183 2359 2273 2420 N.
2320 2361 2591 2422 Buteone
2630 2358 3021 2432 oonsulibus:

1107 2457 1469 2537 privatorum
1493 2457 1705 2538 opibus
1728 2466 1939 2538 paratu
1966 2457 2169 2518 classis
2191 2456 2467 2520 Africam
2492 2458 2783 2520 vastavit:
2827 2476 3021 2537 quan-

1107 2573 1288 2635 quam
1327 2555 1486 2616 enim
1524 2564 1761 2616 senatus
1799 2555 2007 2616 iterum
2048 2555 2341 2617 abstinere
2368 2556 2514 2619 mari
2540 2555 2905 2629 decreverat,
2933 2556 3018 2617 ei-

1105 2652 1282 2713 vibus
1319 2660 1518 2714 tamen
1559 2652 1623 2713 itl
1648 2652 2079 2734 postulantibus
2102 2654 2421 2733 navigandi
2446 2662 2797 2735 potestatem
2836 2652 3016 2715 feeit:

1106 2769 1183 2811 ea
1221 2750 1579 2823 conditione,
1607 2759 1677 2811 ut
1716 2770 1895 2813 naves
1932 2770 2009 2812 ex
2052 2749 2291 2833 publico
2322 2762 2601 2835 acceptas
2622 2752 3019 2822 restituerent,

1109 2847 1370 2927 praedam
1419 2856 1720 2909 servarent
1766 2849 1900 2910 sibi.
1998 2847 2103 2910 Sic
2140 2848 2305 2909 facta
2342 2848 2547 2909 classis
2588 2868 2703 2910 non
2748 2856 3017 2909 contern-

1107 2944 1327 3016 nenda,
1357 2946 1655 3006 littoribus
1694 2944 1999 3006 Africanis
2038 2944 2287 3006 multum
2326 2947 2561 3007 terroris
2583 2944 2903 3025 damnique
2928 2945 3017 3004 in-

1107 3040 1284 3100 tulit:
1327 3040 1433 3102 sed
1471 3050 1534 3103 et
1577 3040 1929 3121 Hipponem
1954 3040 2237 3121 Regium,
2266 3042 2471 3104 urbem
2498 3062 2613 3103 non
2640 3062 2675 3102 e
2698 3042 3021 3113 vilissimis,

1109 3135 1326 3210 adorti,
1352 3157 1533 3199 naves
1577 3136 2055 3219 Hipponensium
2092 3147 2155 3200 et
2188 3138 2441 3203 aedificia
2472 3139 2660 3201 multa
2698 3141 2835 3218 igne
2874 3158 3017 3200 eon-

1107 3242 1454 3295 sumserunt.
1539 3232 1889 3313 Regi-essuri
1927 3234 2169 3311 deinde,
2191 3258 2329 3297 eum
2366 3238 2595 3297 exitum
2628 3244 2829 3317 portus
2852 3244 3017 3297 eate-

1110 3331 1200 3391 nis
1241 3331 1507 3393 clausum
1545 3333 1913 3413 reperissent,
1942 3352 2017 3393 ex
2056 3353 2270 3413 magno
2312 3334 2575 3416 periculo
2608 3334 2859 3395 salutem
2898 3333 3021 3395 sibi

1109 3436 1238 3488 arte
1277 3437 1340 3489 et
1367 3428 1614 3490 consilio
1638 3439 2007 3511 pepererunt.
2093 3430 2365 3492 Incitutis
2388 3432 2545 3493 enim
2580 3432 2851 3503 navibus,
2877 3450 3019 3491 eum

1109 3544 1298 3607 prorae
1321 3536 1594 3587 catenam
1619 3546 1803 3608 prope
1817 3528 1949 3607 jam
1972 3530 2397 3607 contingerent,
2424 3529 2678 3591 universi
2704 3528 2765 3587 in
2792 3548 3025 3609 puppes

1108 3623 1351 3683 navium
1374 3631 1765 3685 recesserunt.
1808 3625 1895 3686 sie
1921 3625 2133 3688 levatae
2158 3646 2335 3687 onere
2360 3646 2549 3707 prorae
2574 3635 2817 3687 catenas
2833 3624 3021 3687 facile

1107 3729 1469 3800 superarunt.
1555 3720 1703 3782 Hoc
1742 3720 1903 3782 facto
1944 3722 2317 3783 eonmlerunt
2354 3743 2417 3785 se
2452 3744 2653 3784 omnes
2687 3724 2748 3784 in
2790 3742 3021 3804 proras,

1107 3814 1314 3897 hisque
1335 3816 1628 3899 depressis
1649 3817 1991 3891 effecerunt,
2014 3828 2081 3879 ut
2103 3838 2331 3901 puppes
2346 3820 2551 3881 itidem
2574 3840 2751 3903 supra
2774 3828 3023 3881 catenas

1109 3911 1295 3993 lapsae
1336 3914 1508 3975 liberi
1549 3936 1753 3977 cursus
1794 3915 2139 3977 facultatem
2180 3916 2643 3998 periclitantibus
2680 3917 3021 3978 redderent.

1115 4008 1219 4069 Sic
1269 4010 1490 4090 ingenti
1539 4024 1701 4074 metu
1749 4012 1985 4075 liberati
2030 4014 2211 4095 paulo
2255 4023 2389 4096 post
2437 4015 2595 4097 apud
2643 4016 3019 4078 Panormum

1113 4124 1250 4167 eum
1277 4106 1528 4169 Punicis
1552 4111 1801 4171 navibus
1826 4130 2157 4193 prosperam
2184 4132 2443 4193 pugnam
2466 4113 2680 4174 fecere.

1195 4208 1298 4267 36.
1339 4202 1628 4269 Consules
1668 4216 1863 4269 autem
1911 4205 2199 4282 Romani,
2240 4209 2445 4271 divisis
2480 4210 2629 4273 belli
2671 4208 2909 4283 muniis,
2943 4207 3019 4269 L.

1694 4386 1721 4417 ⁸
1753 4381 1819 4433 A.
1844 4382 1911 4435 U.
1934 4382 1993 4434 C.
2015 4387 2128 4437 5⁰6.
2164 4382 2228 4438 Α.
2256 4384 2317 4436 C.
2339 4388 2455 4437 24⁴1.
