3300 5225
1033 456 1178 506 mn.
1225 409 1454 504 xxiv.
1501 451 1671 502 cAr.
1714 435 1820 502 41.
2338 437 2515 502 2059

317 606 462 672 sis⁷
521 603 824 683 navibus,
881 606 1054 668 terra
1113 599 1582 667 Macedoniam
1629 600 1837 685 petiit,
1892 615 2137 682 magna
2182 617 2269 662 ex
2320 608 2511 685 parte

313 709 544 773 inermi
575 707 872 772 exercitu
899 705 1351 789 spoliatoque.
1439 702 1752 770 Romana
1780 701 2021 766 classis
2049 721 2201 767 cum
2236 701 2336 766 M.
2366 702 2509 767 Va-

314 812 481 877 lerio
512 810 699 876 Orici
729 808 1150 892 hybernavit.

398 913 512 978 41.
557 911 814 977 Eodem
873 929 1046 976 anno
1091 911 1160 974 in
1211 910 1560 995 Hispania
1615 911 1799 976 varie
1850 928 1957 974 res
2004 917 2249 994 gestae.-
2324 909 2509 976 Nam

311 1017 529 1100 prius,
559 1035 762 1100 quam
817 1013 1110 1078 Romani
1161 1032 1420 1078 amnem
1472 1013 1740 1079 Iberum
1789 1013 2161 1090 transirent,
2205 1013 2509 1097 ingentes

314 1121 552 1204 copias
585 1118 1052 1202 Hispanorum
1090 1115 1302 1199 Mago
1347 1123 1416 1181 et
1460 1115 1856 1182 Hasdrubal
1888 1117 2217 1180 fuderunt.
2306 1117 2511 1182 Defe-

312 1223 656 1306 cissetque
707 1221 794 1284 ab
847 1219 1173 1284 Romanis
1203 1217 1477 1283 ulterior
1525 1216 1883 1302 Hispania,
1915 1221 1981 1282 ni
2022 1217 2103 1282 Ρ.
2138 1218 2510 1298 CorneliuS,

313 1327 554 1410 raptim
589 1321 915 1388 ‘traducto
967 1322 1269 1387 exercitu
1319 1321 1614 1400 Iberum,
1646 1321 1873 1386 dubiis
1904 1322 2233 1387 sociorum
2267 1323 2509 1388 animis

315 1429 387 1492 in
417 1433 708 1510 tempore
737 1423 1144 1489 advenisset.
1230 1424 1460 1489 Primo
1491 1423 1577 1488 ad
1607 1429 1898 1489 castrum
1932 1421 2165 1488 Altum
2187 1431 2252 1467 ⁸⁴²
2279 1425 2511 1510 (locus

315 1537 426 1593 est
468 1527 744 1610 insignis
797 1525 986 1591 caede
1037 1527 1261 1608 magni
1307 1524 1759 1608 Hamilcaris)
1802 1531 2022 1591 castra
2063 1526 2352 1592 Romani
2397 1527 2511 1592 ha-

313 1633 536 1697 buere.
621 1626 772 1694 Arx
803 1635 948 1694 erat
977 1630 1247 1707 munita,
1274 1635 1344 1693 et
1392 1634 1859 1694 convexerant
1904 1633 2059 1694 ante
2086 1629 2514 1696 frumentum.

313 1735 603 1812 Tamen,
635 1733 797 1816 quia
827 1733 1048 1796 omnia
1092 1731 1280 1796 circa
1319 1730 1612 1796 hostium
1661 1729 1863 1816 plena
1910 1736 2115 1810 erant,
2146 1751 2514 1818 agmenque

316 1835 700 1902 Romanum
731 1836 1005 1919 impune
1049 1835 1506 1900 incursatum⁹
1545 1836 1632 1900 ab
1672 1834 2014 1918 equitibus
2044 1835 2337 1900 hostium
2367 1835 2513 1901 fue-

315 1946 442 2010 rat,
493 1948 560 2004 et
605 1937 693 2003 ad
745 1937 879 2002 duo
933 1937 1164 2014 millia,
1212 1945 1334 2002 aut
1382 1943 1795 2003 moratorum
1826 1946 1948 2002 aut
1990 1938 2361 2023 palantium
2393 1961 2517 2024 per

319 2061 542 2125 agros»,
571 2040 942 2118 interfecta,
973 2059 1234 2105 cessere
1265 2039 1422 2104 inde
1453 2039 1746 2105 Romani
1796 2043 2074 2125 propius
2119 2051 2371 2126 pacata
2413 2044 2519 2107 lo-

319 2151 484 2215 ca,'⁰
511 2150 579 2208 et
623 2143 709 2208 ad
741 2149 1032 2208 montem
1065 2141 1392 2208 Victoriae
1412 2140 1513 2182 ¹¹¹¹
1545 2149 1766 2207 castra
1799 2147 2317 2209 communivere.
2408 2145 2514 2210 Eo

319 2247 444 2312 Cn.
503 2246 737 2330 Scipio
782 2263 936 2309 cum
989 2245 1297 2308 omnibus
1355 2243 1599 2329 copiis,
1643 2251 1711 2310 et
1750 2244 2147 2312 Hasdrubal
2194 2247 2515 2329 Gisgonis

317 2349 525 2427 filius,
573 2349 806 2414 tertius
857 2345 1508 2428 Carthaginiensium
1565 2346 1731 2425 dux,
1782 2367 1937 2412 cum
1990 2351 2289 2414 exercitu
2327 2348 2513 2434 justo

319 2451 626 2516 advenit:
674 2455 1037 2533 contraque
1081 2454 1305 2513 castra
1348 2446 1657 2540 Romana
1700 2457 1876 2514 trans
1921 2450 2241 2516 fluvium‘
2278 2473 2515 2518 omnes

317 2553 703 2620 consedere.
795 2551 879 2617 P.
928 2550 1188 2636 Scipio,
1241 2571 1394 2617 cum
1445 2552 1780 2637 expeditis
1826 2553 1999 2619 clam
2048 2554 2387 2640 profectus
2427 2556 2521 2622 ad·

317 2658 478 2723 loca
523 2657 702 2721 circa
740 2654 1048 2733 visenda,
1089 2654 1270 2720 haud
1319 2655 1550 2721 fefellit
1589 2655 1848 2721 hostes:
1895 2660 2513 2744 oppressissentque

319 2780 476 2825 eum
505 2760 574 2824 in
601 2758 980 2844 patentibus
1011 2757 1292 2844 campis,
1323 2758 1391 2823 ni
1420 2759 1741 2824 tumulum
1778 2759 1847 2824 in
1886 2760 2259 2846 propinquo
2292 2764 2513 2846 cepis-

321 2870 447 2931 set.
533 2862 645 2929 Ibi
696 2880 960 2946 qnoque
1007 2862 1496 2926 circumsessus
1546 2861 1838 2927 adventu
1887 2862 2107 2928 fratris
2162 2864 2518 2930 obsidione

319 2964 656 3031 eximitur.
743 2964 1048 3043 Castulo,
1087 2960 1288 3029 urbs‘
1327 2964 1686 3049 Hispaniae
1732 2963 1961 3030 valida
2009 2986 2093 3031 ac
2141 2967 2411 3047 nobilis,
2452 2975 2518 3034 et

1239 3144 1604 3168 OOOWOOOO

319 3268 356 3314 6
389 3262 616 3341 Hostium
637 3258 772 3311 Edd.
798 3263 920 3309 ante
941 3256 1273 3309 Gronov—'1
1305 3256 1604 3324 [agendum
1625 3262 1804 3310 monet
1823 3258 1970 3313 nuk.
1996 3262 2243 3315 abductis
2266 3272 2408 3331 atque
2438 3270 2515 3319 in-

321 3326 712 3442 ‘uenf’cffi‘t'rl-'u'ia
723 3324 1246 3465 ἓῖἵιῗυζιὶιὲἑοεξεὶἳιῗ.
1260 3387 1443 3440 Drak!
1477 3388 1780 3453 Revera—9
1812 3392 2045 3456 Fulvius,
2075 3394 2339 3459 importune
2374 3414 2519 3450 vexa·

322 3464 450 3508 tum.-
483 3455 618 3519 quod
655 3464 799 3504 certo
831 3468 941 3503 scio
975 3454 1107 3502 Livii
1140 3469 1240 3503 non
1264 3468 1397 3504 esse.
1461 3454 1588 3505 Put.
1618 3455 1805 3519 impm
1822 3458 2143 3509 incenatum.-
2176 3476 2343 3525 neque
2364 3466 2521 3515 aliter

321 3525 427 3571 duo
464 3522 584 3571 Pet.
619 3519 770 3571 Voss.
802 3518 905 3567 duo
938 3518 1076 3567 Pan.
1111 3526 1165 3568 et
1203 3520 1350 3569 Men.
1418 3518 1526 3570 Aut
1559 3534 1683 3570 vera
1704 3529 1787 3571 ent
1814 3524 2037 3585 vulgata,
2058 3534 2150 3575 aut
2171 3528 2519 3588 scribendum,

320 3589 508 3652 impune
529 3582 838 3637 diremtum!
869 3582 922 3634 J.
958 3584 1019 3633 F.
1043 3584 1408 3635 Gronov—1⁰
1439 3586 1540 3636 Per
1569 3586 1710 3649 pria·
1737 3600 1788 3651 p.
1810 3588 1846 3636 l.
1881 3595 1987 3639 vet.
2024 3590 2116 3639 lib.
2152 3606 2237 3657 ap.
2272 3594 2517 3658 Sigon.—

1305 3710 1530 3765 NoTAE

385 3824 410 3851 θ
439 3814 521 3865 Διί
538 3818 747 3864 castrum
764 3809 957 3874 Altum]
991 3808 1260 3876 Oppidum
1281 3807 1383 3861 fuit
1462 3812 1753 3877 Orospeda
1774 3814 1963 3864 montis
1983 3814 2049 3865 ad
2070 3817 2308 3870 dextram
2330 3822 2519 3874 Sucro-

323 3894 602 3951 Lusonum,
625 3890 712 3954 qui
734 3904 852 3955 pers
873 3886 1270 3938 Celtiberorum.
1317 3887 1380 3937 Ei
1460 3890 1562 3955 nie,
1581 3904 1684 3940 non
1705 3892 1885 3955 procul
1908 3890 2035 3941 Anae
2057 3891 2304 3958 fontibus,
2320 3896 2369 3947 in
2392 3900 2520 3949 Bas·

321 3975 507 4035 postea
539 3980 725 4017 nomen
763 3964 974 4026 Valeria,
998 3963 1062 4013 ad
1095 3963 1380 4014 Sucronem
1465 3968 1747 4019 titanorum
1774 3967 1980 4027 finibus,
2014 3984 2111 4035 qua
2145 3972 2313 4024 Sicu-m
2342 3977 2402 4026 de
2432 3981 2521 4029 Al-

319 4046 376 4098 fl.
399 4046 485 4110 qui
505 4058 644 4096 nurie
663 4044 852 4094 Xucar.
906 4042 1136 4092 Putatur
1155 4054 1272 4090 esse
1289 4040 1380 4090 ho·
1460 4058 1602 4093 caras
1627 4042 1694 4094 ad
1716 4046 2137 4109 septemtrionem
2162 4052 2382 4103 maxime
2404 4069 2520 4105 ver.

323 4123 410 4174 die
438 4124 645 4185 Concha,
658 4122 1000 4187 Episcopatus
1021 4118 1074 4167 in
1099 4132 1234 4169 nova
1255 4120 1382 4169 Ces·
1462 4120 1559 4185 git,
1581 4119 1645 4169 ad
1665 4120 1909 4184 oppidum
1932 4120 2175 4175 Albecete.

323 4202 470 4264 tella,
513 4200 730 4264 ejusque
776 4205 946 4249 tractu
992 4210 1145 4263 quem
1189 4196 1384 4248 Ser-rm
1525 4205 1549 4231 ⁸
1583 4197 1735 4246 'Ii-m
1748 4198 1979 4263 steritem]
2011 4202 2283 4256 Debuerat
2304 4204 2516 4261 fluvium

323 4283 548 4326 vocant:
585 4276 736 4339 vulgo
763 4276 967 4325 Caenea.
1461 4274 1745 4325 nominare.
1813 4277 1965 4327 Nunc
1984 4280 2208 4333 incertos
2232 4284 2513 4353 relinquit:

389 4352 414 4387 ἅ
449 4354 530 4405 Aa
563 4358 764 4402 merrtem
807 4348 1058 4415 Victoria]
1101 4350 1222 4402 Fuit
1261 4364 1381 4415 pars
1461 4349 1646 4417 Anam,
1672 4358 1815 4419 ηοω,
1836 4352 2095 4421 intelligit.
