3300 5225
1134 490 1285 538 ms.
1333 489 1554 538 xxiv.
1604 489 1767 539 cAr.
1811 475 1919 540 45.
2440 475 2615 560 2067

411 633 563 718 quis
590 633 968 716 resipiscat,
997 641 1068 698 et
1097 633 1446 718 antiquam
1479 633 1871 700 societatem
1900 634 2247 719 respiciat.
2312 631 2519 714 Quod
2548 637 2612 702 si

409 735 595 800 abire
625 736 712 800 ab
741 734 1075 800 Romanis
1120 735 1346 812 liceat,
1385 733 1602 800 redire
1629 735 1717 800 ad
1746 755 1864 800 eos
1892 755 2027 801 non
2058 737 2305 819 liceat3
2348 738 2459 804 cui
2486 740 2613 804 du·

407 839 594 902 bium
626 856 804 914 esse,
839 837 1000 918 quin
1034 835 1222 901 brevi
1260 835 1526 900 deserta
1554 835 1642 899 ab
1674 837 1883 900 suciis
1914 836 2232 904 Romana
2258 857 2370 904 res
2396 839 2610 906 foede-.-

403 941 592 1004 ribus
627 937 908 1002 Punicis
939 939 1168 1002 omnia
1197 938 1270 1002 in
1299 937 1506 1002 Italia
1523 936 1765 1020 juncta
1793 937 2023 1004 visura
2050 940 2194 1004 sit't
2275 941 2365 1005 Se
2394 949 2611 1008 tamen

405 1063 538 1108 non
583 1061 734 1106 eum
781 1060 952 1120 esse,
999 1040 1119 1125 qui
1167 1039 1426 1105 Altinio
1471 1038 1628 1105 fidei
1660 1041 2017 1125 quicquam
2058 1049 2329 1108 censeat
2356 1043 2611 1110 haben·

407 1146 590 1222 dum,
643 1142 761 1208 sed
816 1141 1107 1208 mediam
1161 1147 1679 1208 consecuturum
1698 1149 1723 1178 ⁰
1762 1143 2025 1208 consilii
2069 1144 2273 1208 viam.
2362 1145 2608 1230 Neque

403 1267 554 1312 eum
606 1265 728 1329 pro
786 1245 1004 1321 hoste,
1059 1263 1278 1329 neque
1329 1263 1450 1328 pro
1503 1245 1695 1309 socio
1748 1244 1819 1309 in
1871 1247 2237 1340 praesentia
2280 1248 2607 1329 habitum,

402 1351 618 1414 libera
648 1348 957 1414 custodia
985 1347 1166 1414 haud
1196 1347 1436 1431 procui
1467 1369 1511 1414 a
1537 1349 1781 1413 castris
1811 1349 2077 1433 placere
2106 1351 2179 1414 in
2212 1351 2437 1434 aliqua
2467 1351 2607 1420 fida

401 1453 678 1518 civitate
708 1452 956 1517 servari
987 1471 1108 1537 per
1137 1452 1296 1516 belli
1324 1457 1622 1536 tempus:
1656 1457 2035 1537 perpetrato
2059 1453 2258 1532 belle,
2278 1460 2419 1518 tum
2450 1475 2609 1520 con-

403 1556 815 1635 sultandum,
847 1563 1063 1622 utrum
1096 1555 1387 1620 defectio
1417 1556 1596 1640 prior
1642 1557 1801 1640 plus
1842 1557 2080 1621 merita
2112 1557 2204 1623 sit
2232 1577 2482 1641 poenae,
2515 1579 2605 1626 an

400 1661 511 1726 hic
542 1661 798 1725 reditus
828 1658 1089 1744 veniae.'
1177 1658 1394 1726 Fabio
1433 1678 1785 1724 assensum
1828 1665 1969 1738 est3
2014 1654 2606 1746 catenisque'liga-

401 1759 566 1840 tus,‘¹
625 1749 907 1828 traditur
959 1771 1031 1828 et
1079 1763 1229 1846 ipse
1276 1769 1350 1827 et
1401 1763 1719 1828 comites:
1764 1769 1838 1827 et
1886 1762 2033 1828 auri
2080 1765 2243 1828 satis
2292 1783 2603 1848 magnum

399 1865 692 1950 ponduS‚
751 1866 936 1952 quod
995 1885 1232 1933 secum
1292 1872 1431 1931 tum
1491 1867 1821 1942 attulerat,
1882 1867 1951 1931 ei
2006 1867 2259 1932 servari
2312 1866 2604 1951 jussum.

403 1969 685 2035 Calibus
713 1990 868 2034 eum
899 1970 1193 2036 interdiu
1223 1969 1518 2036 solutum
1543 1969 1857 2035 custodes
1881 1971 2368 2055 sequebantur:
2402 1979 2605 2038 nocte

398 2073 702 2138 clausum
733 2075 1188 2139 asservabant.
1252 2071 1460 2156 Arpis
1491 2073 1679 2138 domi
1707 2073 1989 2157 primum
2024 2070 2391 2139 desiderari
2419 2094 2605 2158 quae-

399 2180 592 2262 rique
623 2185 730 2244 est
759 2185 1066 2262 coeptust
1098 2178 1254 2244 dein
1281 2179 1483 2256 sama,
1513 2198 1638 2262 per
1669 2183 1879 2242 totam
1906 2178 2137 2242 urbem
2170 2177 2465 2260 vulgata,
2498 2188 2600 2244 tu·-

396 2281 696 2358 multum,
727 2288 798 2346 ut
824 2283 1122 2366 principe
1153 2281 1428 2358 amisso,
1455 2280 1658 2346 fecit:
1690 2287 2005 2362 metuque
2033 2299 2247 2345 rerum
2278 2297 2601 2349 novarum

399 2383 739 2466 extemplo
789 2382 1010 2448 nuntii
1061 2383 1148 2448 ad
1201 2381 1657 2448 Hannibalem
1678 2390 1704 2432 ⁷
1750 2382 1962 2448 missi.
2050 2381 2322 2462 Quibus
2352 2403 2598 2466 nequa·

395 2505 594 2569 quam
626 2485 958 2551 offensuse
985 2487 1269 2566 Poenus,
1319 2488 1478 2569 quia
1531 2493 1603 2551 et
1654 2486 1903 2571 ipsum,
1956 2493 2035 2552 ut
2082 2486 2411 2568 ambiguae
2442 2487 2599 2553 fidei

397 2588 630 2665 virum,
652 2595 1037 2673 suspectum
1041 2589 1072 2674 j
1081 2609 1188 2655 am
1212 2589 1471 2673 pridem
1489 2588 1885 2669 habebat,et
1906 2608 2181 2655 causam
2200 2595 2431 2655 nactus
2458 2595 2601 2656 erat

395 2698 530 2757 tam
572 2691 734 2756 ditis
775 2694 1059 2758 hominis
1090 2696 1270 2759 bona
1315 2693 1709 2777 possidendi
1740 2686 2240 2776 vendendique:
2302 2698 2597 2757 ceterum

393 2800 470 2859 ut
521 2796 638 2860 irae
687 2796 929 2879 magis,
979 2816 1180 2879 quam
1227 2797 1560 2875 avaritiae,
1606 2796 1839 2863 datum
1890 2794 2234 2861 crederent
2262 2793 2593 2874 homines,

396 2896 844 2963 crudelitatem
891 2917 1160 2983 quoque
1189 2898 1496 2981 gravitati
1525 2897 1784 2964 addidit
1807 2896 1872 2980 3⁸
1912 2896 2399 2981 conjugemque
2445 2896 2593 2983 ejus

393 3170 439 3214 et
461 3179 552 3214 uon
571 3164 830 3214 uocitivum
847 3164 1288 3215 documentum—'1
1311 3166 1479 3215 Voces
1499 3167 1563 3215 ad
1586 3164 1906 3215 Hannibalem
1927 3163 2116 3213 absunt
2137 3161 2249 3212 fere
2270 3161 2339 3211 ab
2360 3160 2593 3212 omnibus

392 3232 622 3280 Mass-s
654 3232 670 3258 ‘
696 3231 1038 3278 Crudelitatem
1069 3245 1244 3293 quoque
1274 3230 1516 3292 novitati
1545 3227 1861 3296 (severitati)
1892 3228 2080 3279 addidit
2102 3243 2131 3277 e
2152 3229 2258 3278 Mu.
2284 3228 2427 3277 Flor.
2450 3235 2505 3278 et
2524 3228 2592 3277 ai.

393 3310 487 3359 pro
511 3294 649 3357 vulg.
671 3294 941 3343 crudelitati
961 3310 1004 3355 q.
1025 3296 1316 3355 gravitatem
1335 3312 1382 3345 a.
1417 3296 1595 3359 recepi
1629 3310 1747 3345 cum
1783 3296 1890 3344 Str.
1921 3295 2009 3357 qni
2048 3303 2221 3343 tamen
2262 3302 2409 3342 recte
2441 3292 2592 3343 simul

391 3358 610 3414 monuit,
634 3373 727 3421 pro
756 3358 1011 3421 gravitati,
1036 3374 1151 3423 quae
1175 3360 1239 3408 ab
1262 3360 1313 3407 h.
1333 3361 1370 3410 l.
1396 3361 1566 3409 aliena
1588 3361 1673 3417 rit,
1704 3359 1846 3424 (cum
1872 3358 1938 3407 de
1962 3357 2163 3407 duobus
2196 3358 2370 3422 potius
2394 3357 2593 3407 Hanni-

391 3426 522 3475 balis
547 3425 683 3474 vitiis
706 3423 776 3473 rit
797 3438 986 3484 sermo,
1009 3424 1076 3473 dc
1096 3425 1324 3485 avaritia,
1345 3440 1498 3491 quam
1527 3426 1695 3476 habita
1715 3424 1969 3488 questione
1987 3425 2046 3472 ds
2066 3438 2181 3473 nui-o
2201 3428 2489 3487 argentoque
2508 3425 2592 3473 do-

389 3492 458 3539 mi
478 3489 662 3550 retia-to,
685 3496 739 3537 et
761 3489 826 3538 de
847 3489 924 3538 ira
947 3504 1034 3537 seu
1051 3490 1348 3553 crudelitate,
1367 3506 1518 3556 quam
1537 3492 1845 3540 comburendo
1861 3490 1993 3539 vivon
2010 3488 2197 3538 liberos
2214 3487 2589 3553 conjugemque

388 3555 576 3605 Altinii
600 3552 1016 3617 significaret-in)
1036 3556 1310 3618 legendum
1331 3556 1576 3618 aviditati,
1593 3564 1685 3605 aut
1706 3570 1823 3604 cum
1839 3554 2003 3605 Gron.
2022 3554 2291 3617 rapacitati.
2325 3553 2589 3615 Suspieari

389 3622 546 3670 etiam
571 3619 732 3681 possis
752 3619 1023 3681 cupiditati,
1056 3630 1112 3669 et
1141 3636 1338 3683 gravem
1359 3622 1442 3672 vei
1463 3622 1625 3682 serum
1660 3622 1743 3671 vel
1775 3621 1932 3669 diram
1950 3619 2194 3668 aviditati.
2258 3616 2435 3667 Minus
2464 3632 2495 3665 a
2536 3624 2590 3667 te

390 3688 515 3735 Em.
539 3684 670 3747 cor-j.
702 3685 974 3733 crudelitati
994 3700 1040 3748 q.
1061 3687 1362 3749 pravitatem.
1430 3688 1676 3737 Ceterum
1700 3686 1917 3736 eandem
1940 3683 2301 3733 crudelitatem
2320 3681 2493 3731 Hanni
2534 3698 2586 3730 a·

388 3752 452 3799 lis
473 3756 724 3799 memorat
747 3748 978 3813 Appiam.
1017 3750 1065 3799 b.
1104 3750 1280 3800 Hann.
1301 3764 1464 3803 xxxi.
1487 3758 1540 3801 et
1564 3752 1705 3802 aliud
1738 3750 1852 3816 ejus
1888 3748 2184 3813 exemplum
2204 3760 2320 3810 cap.
2336 3749 2419 3799 44.
2440 3745 2590 3797 extu-,⁹

392 3816 594 3881 Rupert-

1385 3912 1602 3965 NOTAE

387 4011 472 4060 An
503 4010 654 4060 modo
687 4010 795 4065 hos,
840 4006 991 4058 modo
1025 4009 1137 4058 ilios
1161 4024 1264 4059 non
1287 4011 1444 4060 advo·
1589 4019 1612 4046 ο
1645 4010 1956 4075 Nequaquam
1988 4004 2219 4073 offeram]
2260 4004 2389 4054 Vult
2432 3998 2579 4055 ‘hand

386 4092 530 4140 cent,
570 4094 625 4134 et
664 4091 839 4148 partes
879 4084 1124 4133 mutent?
1159 4100 1224 4134 an
1271 4088 1443 4150 potius
1525 4095 1740 4153 gravate
1782 4086 1861 4136 id·
1891 4083 2158 4146 accepisse
2213 4080 2585 4143 Hannibalem,

385 4162 734 4225 scribendum,
751 4176 844 4210 πολ
863 4160 1080 4210 vacillent
1097 4167 1120 4211 Ρ
1523 4180 1625 4217 non
1649 4177 1772 4214 sane
1796 4160 1934 4228 quod
1958 4174 2069 4210 eam
2090 4155 2441 4208 defectionem
2466 4171 2585 4221 pro-

447 4248 470 4275 θ
506 4236 896 4301 Consecratur-um]
954 4238 1306 4303 compositum
1346 4256 1440 4308 pro
1521 4243 1691 4299 buret,
1733 4240 1827 4291 sed
1862 4236 2001 4305 quod
2036 4234 2292 4286 Altinium
2331 4242 2579 4291 amotum,

383 4316 602 4379 simplici
623 4322 906 4365 uenturum·
1521 4319 1736 4385 ejusque
1769 4316 1907 4367 bona
1946 4309 2225 4363 invadendi
2257 4310 2581 4365 occasionem

449 4389 481 4425 θ
510 4390 793 4455 Catonisque
813 4388 1016 4455 ligatus]
1049 4389 1292 4445 Altinius.
1522 4395 1620 4446 sibi
1641 4394 1821 4445 datam
1840 4393 2125 4443 laetaretur.
