3300 5225
867 546 1078 596 nunu
1129 545 1309 596 xlx.
1352 544 2001 595 surrnsusn‘rum.
2352 524 2539 595 -1615

309 690 472 771 ignes
514 688 794 761 insiliens,
821 690 986 751 nulla
1021 689 1114 750 sui
1151 709 1316 762 cura,
1341 688 1484 751 dum
1523 688 1740 750 divinat
1774 708 1865 749 res
1902 685 2083 748 salvae
2118 706 2209 748 es-
2268 693 2373 745 Liv.
2404 696 2499 761 Ep.

305 798 458 859 sent,
487 789 720 849 deserta
744 788 1132 867 a·virg·inibus
1155 806 1322 848 sacra
1346 806 1424 847 ex
1461 785 1734 847 incendio
1767 786 1983 867 rapuit.
2065 784 2207 866 Ipse
2230 763 2544 891 13:2⁰¹?th

305 885 550 945 brachio
587 884 1042 955 semiustulatus,
1077 892 1138 944 et
1177 892 1386 943 exusta
1425 881 1675 943 flammis
1714 882 2015 943 oculorum
2056 882 2207 955 acie,
2236 893 2365 956 Aug.
2394 901 2447 943 et
2468 893 2540 943 Ο-

308 992 522 1064 praeter
567 982 840 1043 solatium
884 982 1030 1043 facti
1067 982 1181 1054 sui,
1227 981 1530 1063 praemium
1577 1002 1616 1043 a
1660 980 1883 1061 populo
1928 979 2209 1041 Romano
2230 958 2542 1076 {qs-flium.

307 1080 764 1164 pulcherrimum
801 1080 1056 1161 accepit,
1095 1088 1164 1140 ut
1200 1080 1429 1161 quoties
1465 1080 1526 1138 in
1568 1087 1839 1139 senatum
1878 1079 2010 1148 iret,
2038 1098 2211 1139 curru

305 1178 618 1239 veheretur
660 1177 739 1239 ad
787 1179 1052 1239 curiam:
1103 1176 1266 1259 quod
1321 1178 1400 1237 ab
1447 1176 1689 1238 condita
1732 1175 1877 1238 urbe
1926 1176 2211 1237 tributum

309 1276 532 1337 nemini
556 1275 766 1337 fuerat.

385 1380 490 1435 65.
533 1372 776 1435 Interea
815 1372 899 1439 Q.
929 1373 1199 1433 Lutatius
1235 1371 1437 1433 consul
1477 1391 1613 1432 cum
1655 1370 1835 1432 fratre
1878 1370 2099 1432 Catulo
2150 1382 2214 1433 et

307 1471 392 1539 Q.
420 1470 670 1532 Valerio
709 1479 1088 1553 propraetore,
1113 1471 1288 1531 rebus
1327 1471 1387 1529 in
1430 1468 1637 1531 Sicilia
1660 1470 2012 1542 constitutis,
2040 1490 2213 1530 exer-

304 1570 548 1651 cituque
586 1568 920 1651 deportato,
949 1568 1029 1627 ad
1069 1568 1274 1629 urbem
1308 1566 1632 1628 redierant:
1676 1566 2057 1648 decretusque
2097 1567 2211 1627 sibi

303 1667 630 1749 triumphos
665 1666 908 1727 navales
944 1664 1019 1726 C.
1047 1665 1318 1726 Lutatius
1353 1663 1606 1725 Catulus
1629 1664 1717 1723 A.
1748 1664 1831 1724 D.
1864 1680 1961 1726 lv.
1997 1663 2067 1724 N
2068 1684 2212 1725 onas
2234 1674 2533 1743 Futicapit.

305 1762 625 1836 Octobres,
654 1764 738 1831 Q.
761 1762 1044 1824 Valerius
1069 1762 1156 1824 A.
1187 1762 1270 1823 D.
1299 1761 1488 1843 pridie
1522 1760 1763 1823 easdem
1791 1760 2028 1833 Nonas,
2054 1760 2209 1823 dux-

301 1872 491 1922 erant.
599 1860 990 1922 Memorabile
1035 1868 1334 1921 certamen
1379 1858 1534 1920 inter
1577 1858 1759 1919 duees
1806 1860 1948 1919 istos
1989 1858 2065 1919 de
2105 1860 2210 1920 tri-

303 1959 528 2041 umpho
581 1958 665 2026 Q.
720 1957 953 2019 Valerii
1006 1956 1138 2018 fuit.
1230 1956 1388 2017 Cum
1431 1957 1588 2017 enim
1641 1956 1717 2018 C.
1766 1956 2003 2017 Lutatio
2048 1957 2207 2018 haud
2268 1958 2537 2014 ναιΜικ.
2667 1986 2673 1992 ·

301 2057 484 2117 dubie
515 2056 784 2116 decretus
810 2056 1140 2138 triumphus
1172 2064 1344 2126 esset,
1388 2054 1473 2122 Q.
1516 2053 1821 2125 Valerius,
1863 2054 2021 2113 haud
2064 2053 2209 2117 levi·
2235 2039 2298 2079 ¹¹·
2319 2028 2369 2076 ⁸·
2389 2030 2441 2077 ²·

301 2174 462 2215 orem
491 2154 550 2213 in
577 2174 650 2214 eo
675 2154 910 2234 negotio
931 2173 1098 2214 suam
1123 2172 1364 2235 operam
1382 2152 1560 2212 fuisse
1584 2151 1964 2223 contendens,
1990 2153 2209 2213 honore

301 2272 542 2332 quoque
581 2252 709 2333 pari
747 2252 950 2312 haberi
991 2250 1350 2333 postulabat,
1387 2246 1885 2331 quemadmodum
1922 2251 2209 2311 societate

301 2349 550 2432 periculi
585 2369 856 2429 eura-‚que
897 2348 1118 2409 fuisset.
1202 2348 1530 2428 Pugnabat
1567 2356 1774 2407 contra
1816 2346 2091 2420 Catulus,
2132 2368 2207 2409 ne

301 2448 490 2507 minor
527 2456 785 2528 potestas
819 2447 1030 2527 majori
1063 2446 1125 2507 in
1165 2444 1490 2507 tribuendis
1511 2444 1827 2505 honoribus
1855 2453 2207 2525 aequaretur.

302 2543 461 2605 Cum
497 2544 833 2605 incaluisset
865 2553 1184 2618 certamen,
1214 2542 1523 2626 sponsione
1551 2540 1837 2603 Catulum
1864 2544 2211 2624 provocavit

303 2642 388 2708 Q.
415 2641 723 2714 Valerius,
751 2652 770 2680 ‘
789 2643 849 2703 ni
875 2663 980 2704 suo
1005 2642 1188 2703 ductu
1214 2640 1455 2702 Punica
1477 2640 1683 2701 classis
1701 2660 1980 2722 oppressa
1997 2643 2209 2702 esset:’

301 2759 410 2800 nec
431 2739 534 2800 ille
553 2739 850 2801 dubitavit
873 2739 1225 2823 restipulari.
1309 2737 1596 2800 Delectus
1621 2747 1713 2798 est
1736 2737 1955 2798 arbiter
1978 2737 2213 2800 Atilius

304 2835 648 2898 Calatinus:
696 2837 822 2918 qui,
859 2840 1214 2918 interrogato
1249 2835 1523 2906 Valerio,
1553 2843 1571 2871 ‘
1595 2845 1793 2896 utrum
1826 2835 1887 2895 in
1910 2835 2210 2897 consulta-

301 2933 460 2994 tione
499 2932 578 2994 de
616 2954 817 3015 pugna
847 2934 1124 3007 ineunda,
1144 2935 1194 2994 si
1218 2933 1640 3004 dissensissent,
1669 2932 1927 2994 consulis
1950 2953 2025 2992 an
2056 2953 2205 3015 prae-

297 3032 442 3092 toris
480 3033 672 3112 major
711 3031 908 3093 futura
945 3031 1154 3094 finisset
1185 3031 1537 3099 auctoritasg
1581 3030 1865 3110 itemque,
1900 3030 1949 3090 si
1972 3029 2209 3092 diversa
2261 3033 2328 3086 A.
2372 3035 2527 3090 Gelu

297 3129 639 3191 habuissent
677 3130 962 3212 auspicia,
988 3137 1122 3191 utra
1162 3129 1362 3211 potius
1399 3126 1701 3208 sequenda
1724 3126 1967 3188 fuissent
1980 3149 1999 3198 ς
2014 3129 2031 3154 ’
2066 3149 2205 3190 cum
2229 3113 2354 3217 ³5:1¹·
2361 3107 2497 3220 fit&

298 3236 317 3262 ‘
347 3227 660 3308 utrobique
701 3229 894 3308 majus
931 3226 1207 3300 consulis,
1244 3245 1424 3307 quam
1467 3225 1739 3307 proetoris
1771 3226 1877 3304 jus
1918 3223 2207 3286 futurum’

297 3324 384 3391 Q.
412 3324 698 3387 Valerius
729 3325 1139 3408 respondisset,
1166 3345 1280 3385 nou
1317 3331 1632 3406 expectato
1678 3322 1883 3384 Catuli
1917 3343 2205 3396 sermone,

295 3420 466 3483 litem
499 3421 820 3484 secundm
862 3423 1029 3484 illum
1065 3421 1266 3484 dedit:
1310 3420 1470 3502 quod
1495 3421 1891 3482 controversia
1916 3420 1993 3482 de
2019 3421 2204 3503 impe-

293 3519 386 3580 rio
429 3528 494 3581 et
533 3521 798 3602 auspicio
841 3522 991 3582 inter
1019 3540 1122 3581 eos
1143 3518 1320 3580 fuisse
1345 3518 1658 3580 videretur.
1742 3516 1865 3579 Sed
1894 3517 1979 3585 Q.
2007 3517 2203 3579 Vale-

293 3617 436 3688 rius,
464 3637 802 3698 quanquam
830 3618 1030 3678 arbitri
1055 3617 1346 3678 sententia
1368 3615 1582 3687 victus,
1609 3633 1747 3677 eum
1772 3623 1915 3676 nota
1944 3623 2008 3675 et
2044 3614 2202 3675 cele-

295 3715 418 3774 bris
449 3735 524 3774 eo
563 3714 725 3776 bello
761 3716 944 3776 virtus
967 3717 1098 3794 ejus
1120 3713 1347 3786 fuisset,
1373 3710 1556 3774 nihilo
1585 3713 1777 3774 secius
1800 3710 2201 3794 triumphandi

281 3814 392 3892 jus
428 3811 702 3874 obtinuit.
785 3811 1078 3873 Censores
1115 3831 1189 3872 eo
1223 3831 1382 3872 anno
1422 3809 1499 3870 C.
1531 3808 1818 3871 Aurelius
1858 3809 2064 3881 Cotta,
2100 3809 2197 3871 M.
2252 3815 2525 3883 PighiiAn·

295 3909 522 3970 Fabius
549 3907 748 3970 Buteo
773 3909 1017 3970 lustrum
1040 3907 1707 3990 undequadragesimum
1725 3905 1936 3968 fecere.
1999 3906 2200 3969 Censa
2222 3883 2431 3997 ”3³05
2468 3963 2524 3998 n·

289 4015 430 4068 nnat
473 4007 690 4067 civium
731 4005 924 4066 millia
972 4005 1228 4067 ducenta
1276 4005 1619 4086 sexaginta:
1672 4004 1905 4066 duabus
1948 4003 2199 4085 adjectis
2221 4027 2522 4062 uncctxxn

289 4103 584 4175 tribubus,
609 4101 840 4165 Velina
873 4111 934 4164 et
975 4102 1250 4174 Quirina,
1275 4122 1548 4164 numerus
1580 4102 1841 4184 quinque
1866 4109 1931 4162 et
1956 4102 2197 4182 triginta
2220 4079 2360 4196 ἐξ·
2390 4078 2524 4145 39¹⁸·

285 4202 576 4273 tribuum,
602 4220 780 4282 quem
803 4199 1016 4261 deinde
1041 4200 1424 4273 retinuerunt,
1450 4199 1725 4281 expletus
1748 4208 1857 4260 est.

372 4305 476 4360 66.
521 4297 678 4358 Cum
702 4299 836 4378 jam
867 4296 1196 4379 perdomita
1221 4295 1450 4370 Sicilia,
1476 4317 1598 4378 qua
1620 4297 1945 4358 Poenorum
1979 4295 2195 4370 fuerat,

283 4405 354 4459 et
394 4415 546 4480 pace
587 4415 722 4457 cum
765 4394 1347 4476 Carthaginiensibus
1385 4393 1569 4470 facta,
1613 4414 1729 4456 non
1779 4395 1981 4474 quieta
2020 4393 2196 4456 modo
