3300 5225
806 454 983 523 1866
1740 473 1814 523 τ.
1866 470 2064 520 mvn-

806 616 1045 687 raculo
1072 616 1374 703 torpidos
1417 592 1786 698 defixisset,
1821 627 1918 701 et,
1959 619 2076 705 qui
2109 616 2408 695 adorant,
2449 616 2860 683 consilium⁹
2889 618 3002 683 ad-

806 719 1185 787 vocandum
1216 721 1299 787 de
1328 742 1414 788 eo
1444 730 1826 805 censerent3
1879 730 2083 807 negat
2109 720 2378 788 consilii
2408 738 2550 785 rem
2577 740 2732 786 esse
2761 720 3002 805 Scipio

795 827 1093 913 juvenis,
1148 830 1377 895 fatalis
1432 830 1580 895 dux
1645 831 1922 917 hujusce
1986 830 2172 898 belli.
2283 834 2304 865 ‘
2339 827 2740 895 Audendum
2795 836 3006 915 atque

806 930 1158 1014 agendum,
1210 952 1342 998 non
1390 932 1954 1011 consultandum,’
2006 933 2130 1011 ait,
2181 936 2201 967 ‘
2233 932 2300 997 iu
2341 939 2530 997 tanto
2561 931 2742 997 malo
2771 940 3009 1000 esse.¹⁰

806 1032 993 1099 Irent
1038 1055 1271 1101 secum
1318 1042 1538 1101 extem
1546 1036 1664 1120 plo
1711 1036 1971 1116 armati,
2015 1038 2134 1120 qui
2181 1056 2314 1101 rem
2363 1035 2704 1119 publicam
2741 1035 3006 1101 salvam

806 1137 1085 1203 vellent.
1174 1136 1391 1203 Nullo
1412 1146 1461 1177 ¹¹
1490 1134 1756 1215 verine,¹
1789 1160 1990 1224 quam
2021 1138 2136 1204 ubi
2165 1158 2246 1203 ea
2287 1138 2682 1222 cogitentur,
2711 1138 3006 1204 bostium

806 1247 1030 1307 castra
1076 1238 1273 1306 esse?
1363 1240 1595 1325 Pergit
1632 1241 1807 1317 ire,¹²
1861 1242 2294 1327 sequentibus
2343 1242 2607 1326 poncia,
2653 1241 2726 1306 in
2770 1240 3003 1325 hospi-

804 1344 975 1410 tium
1002 1342 1293 1428 Metelli3
1325 1352 1420 1423 et,
1450 1364 1599 1411 cum
1628 1344 1989 1411 concilium
2017 1345 2112 1411 ibi
2134 1344 2490 1430 juvenum,
2520 1343 2607 1410 de
2633 1344 2880 1428 quibus
2909 1344 2999 1409 al-

803 1446 1016 1512 latum
1048 1454 1215 1528 erat,
1243 1446 1633 1527 invenisset,
1675 1450 1906 1514 stricto
1955 1467 2159 1533 super
2201 1444 2431 1532 capita
2470 1446 3000 1513 consultantium

804 1549 1058 1634 gladio,
1100 1555 1121 1587 ‘
1144 1551 1257 1617 Ex
1304 1553 1436 1617 mei
1494 1551 1698 1617 animi
1755 1550 2126 1630 sententia}
2150 1556 2196 1598 ¹³
2241 1550 2482 1635 inquit,
2526 1554 2550 1585 ‘
2589 1554 2666 1614 ut
2701 1568 2826 1633 ego
2865 1570 3000 1615 rem

804 1653 1146 1737 publicam
1181 1654 1419 1739 populi
1450 1654 1740 1721 Romani
1784 1671 1916 1719 non
1945 1652 2270 1735 deseram,
2299 1672 2516 1738 neque
2547 1652 2752 1719 alium
2785 1655 2998 1720 civem

804 1754 1179 1822 Romanum
1212 1757 1519 1824 deserere
1549 1757 1794 1842 patiar.
1881 1756 1960 1821 Si
1989 1758 2214 1822 sciens
2243 1756 2428 1837 fallo,
2465 1764 2539 1823 tu
2565 1764 2760 1837 me,¹⁴
2801 1755 2848 1821 J
2853 1756 2998 1839 upi-

804 1868 910 1927 ter
940 1862 1195 1947 optime
1236 1863 1556 1943 maxime,
1584 1863 1882 1941 domum,
1911 1862 2260 1939 familiam,
2286 1882 2560 1948 remque
2587 1882 2807 1928 meam
2847 1882 3002 1947 pes-

806 1962 977 2031 simo
1006 1964 1145 2030 leto
1174 1964 1465 2031 afficias!
1550 1964 1636 2031 In
1664 1964 1811 2031 haeo
1842 1965 2063 2042 verba,
2088 1965 2168 2031 L.
2196 1963 2456 2047 Caecili,
2481 1964 2684 2051 jures,
2705 1966 2999 2050 postulo,

805 2068 1165 2153 ceterique,
1195 2068 1313 2154 qui
1342 2069 1634 2135 adestis:
1681 2068 1800 2153 qui
1839 2087 1976 2134 non
2015 2066 2366 2153 juraverit,
2412 2070 2482 2135 in
2525 2088 2602 2133 se
2645 2066 2820 2133 hunc
2861 2068 3000 2153 gla-

806 2170 992 2237 dium
1041 2172 1341 2238 strictum
1384 2192 1539 2238 esse
1586 2172 1805 2238 sciat!
1891 2172 2104 2237 Haud
2147 2192 2344 2238 secus
2389 2171 2648 2257 pavidi,
2696 2192 2894 2256 quam
2937 2172 2998 2237 si

804 2274 1122 2341 victorem
1154 2274 1605 2341 Hannibalem
1636 2281 2002 2351 cernerent,
2034 2272 2271 2360 jurant
2309 2294 2580 2341 omnes:
2627 2273 3000 2341 custodien-

807 2377 1068 2464 dosque
1098 2390 1313 2445 semet
1342 2379 1536 2463 ipsos
1556 2385 1604 2427 ¹⁵
1636 2378 1944 2463 Scipioni
1974 2375 2268 2445 tradunt.

890 2482 998 2547 54.
1045 2482 1149 2546 Eo
1178 2488 1500 2567 tempore,
1524 2502 1660 2566 quo
1687 2480 1841 2546 haec
1871 2480 2154 2547 Canusii
2199 2477 2594 2565 agebantur,
2627 2479 2995 2546 Venusiam

806 2583 893 2650 ad
944 2584 1285 2654 consulem
1331 2585 1417 2651 ad
1468 2588 1752 2671 quatuor
1799 2583 2010 2650 millia
2051 2583 2350 2670 peditum
2394 2584 2846 2670 equitumque,
2883 2582 2998 2668 qui

805 2690 1025 2774 sparsi
1070 2689 1226 2774 fuga
1270 2710 1389 2775 per
1420 2707 1620 2773 agros
1649 2687 1934 2767 fuerant,
1961 2705 2344 2773 pervenere.
2434 2685 2574 2753 Eos
2602 2705 2834 2753 omnes
2864 2684 2995 2751 Ve-

1713 2885 2079 2908 ‘NOm‘OOOO

804 3020 942 3087 dam,
964 3037 1013 3072 v.
1028 3037 1076 3073 c.
1098 3021 1441 3088 finitimorum,
1461 3023 1543 3073 vel
1559 3023 1726 3072 simile
1743 3023 1887 3087 qnid,
1908 3021 2230 3074 addidisset?
2260 3022 2602 3084 Domina—9
2624 3021 2730 3071 Pro
2751 3017 3000 3071 mantuam

807 3095 864 3140 et
894 3088 1086 3140 consilii
1127 3089 1257 3140 Edd.
1293 3099 1415 3139 aute
1456 3089 1688 3140 Crevier.
1720 3089 1968 3139 concilium
2002 3095 2060 3139 et
2095 3087 2434 3140 concilii—1⁰
2471 3087 2590 3137 Vid.
2634 3087 2760 3138 Not.
2804 3087 3000 3137 Ver.—

806 3159 866 3205 ll
900 3157 915 3182 ⁸
942 3155 1089 3204 Nullo
1111 3153 1213 3220 (sc.
1250 3155 1392 3218 loco)
1429 3169 1606 3205 omues
1649 3152 1764 3204 fere
1807 3154 1939 3205 Mes.
1973 3168 2202 3218 nusquam
2241 3152 2376 3204 Edd.
2416 3161 2538 3203 ante
2579 3153 2810 3204 Gronov.
2879 3151 3000 3201 Hoe

804 3220 1025 3284 glossam
1062 3221 1295 3271 redolet:
1333 3219 1426 3270 sed
1460 3219 1592 3270 illud
1626 3235 1798 3277 nemo.
1832 3219 1970 3285 quod
2009 3221 2191 3281 sciam,
2223 3219 2300 3270 ita
2330 3219 2481 3270 dixit.
2527 3218 2694 3268 Immo
2727 3218 2830 3281 leg.
2853 3217 2997 3274 nuum.

804 3284 941 3351 quod
964 3295 1016 3334 et
1042 3285 1239 3335 monuit
1276 3287 1463 3337 Bauer.
1500 3286 1599 3337 etei
1638 3284 1873 3338 Sclraefer
1897 3284 2221 3342 adversatur,
2255 3283 2342 3348 qui
2367 3291 2534 3350 putet,
2565 3284 2733 3347 ipsam
2758 3281 2998 3333 lectionis

804 3351 1111 3401 varietatem
1147 3367 1385 3414 arguere,
1418 3353 1545 3400 nullo
1584 3367 1615 3400 a
1655 3352 1790 3402 Livii
1827 3365 1979 3400 manu
2023 3349 2317 3416 profectum
2356 3349 2506 3400 esse?
2541 3350 2878 3413 Κυμώ-12
2915 3347 3002 3398 ΑΙ.

808 3417 986 3478 Pergit
1006 3419 1175 3468 deinde
1214 3417 1435 3467 ira—18
1468 3425 1483 3446 ⁸
1502 3419 1586 3466 Ex
1606 3419 1701 3467 mei
1719 3417 1868 3468 animi
1901 3416 2139 3467 sententia
2163 3415 2390 3478 sejam,
2419 3413 2554 3480 quod
2597 3415 2648 3464 in
2695 3414 2827 3465 Edd.
2863 3419 3001 3464 antt.

804 3495 909 3531 non
930 3482 981 3531 in
1004 3483 1129 3532 Mes.
1154 3482 1295 3544 addi,
1318 3491 1372 3533 et
1406 3483 1457 3532 in
1480 3481 1714 3533 formulis
1747 3483 1962 3547 jurandi
1986 3497 2126 3545 saepe
2149 3482 2319 3532 omitti
2354 3481 2510 3532 docet
2541 3479 2706 3530 Gron.
2731 3479 2890 3530 Obst-
2923 3491 3000 3528 iv.

806 3549 889 3598 1⁴.
954 3547 1057 3597 Sed
1090 3548 1160 3598 ita
1185 3546 1427 3611 displicet
1455 3548 1514 3597 τὸ
1546 3554 1598 3597 ut
1638 3557 1760 3612 post
1778 3549 1914 3611 juro.
1937 3555 1990 3597 et
2029 3547 2166 3598 forte
2190 3544 2504 3598 delendum!
2541 3545 2875 3610 liutpert—14
2907 3543 3004 3592 ‘Si

802 3613 957 3662 eciem
977 3611 1117 3673 fallo,
1138 3619 1193 3665 tu
1212 3628 1286 3663 me
1308 3622 1413 3664 cet.
1452 3627 1518 3663 ex
1554 3627 1632 3663 ιν.
1669 3616 1796 3665 Mss.
1822 3613 2019 3676 recepi,
2054 3613 2307 3663 suadente
2329 3612 2442 3664 Juc.
2467 3611 2633 3662 Gron.
2656 3609 2743 3675 qui
2777 3609 2936 3659 etiam
2957 3621 3003 3658 ι.

804 3681 887 3727 32.
908 3691 975 3727 ex
996 3691 1033 3728 r.
1052 3683 1134 3728 26.
1166 3691 1285 3728 xxi.
1306 3683 1390 3730 45.
1426 3686 1480 3728 et
1498 3679 1613 3729 aliis
1635 3680 1760 3729 locis
1783 3678 2163 3728 emendandum
2188 3678 2427 3743 putabat.
2493 3675 2556 3726 ln
2581 3676 2844 3740 plerisque
2863 3673 3002 3724 Mn.

802 3748 907 3793 mm
926 3750 984 3793 et
1010 3744 1204 3810 afficiat.
1274 3745 1529 3794 Neutrum
1562 3745 1826 3808 improbat
1851 3743 2017 3795 Drak.
2039 3744 2165 3794 illud
2192 3745 2314 3794 v'ero
2337 3749 2438 3794 tum
2459 3739 2749 3792 defendunt
2771 3738 3003 3790 Dahae

802 3821 843 3858 ι.
865 3811 947 3859 24.
970 3812 1017 3858 8.
1038 3817 1091 3860 et
1109 3810 1341 3860 Fabrett.
1373 3811 1423 3859 iu
1446 3809 1611 3859 Inacr.
1636 3827 1688 3873 p.
1711 3810 1843 3862 6743
1877 3811 2082 3874 Rupert.
2175 3810 2294 3860 Tum
2313 3824 2387 3859 me
2408 3815 2464 3858 et
2483 3807 2664 3874 officiat
2681 3807 2774 3855 dat
2795 3805 3004 3856 Stroth.

802 3877 907 3923 tam
928 3889 1000 3922 me
1023 3909 1036 3922 .
1060 3909 1073 3922 .
1099 3909 1114 3924 .
1136 3893 1165 3922 o
1246 3875 1319 3924 ias
1340 3875 1573 3926 Gronov.
1600 3877 1808 3941 Doujat.
1833 3875 2063 3926 Crevier.
2095 3875 2496 3940 Kreyssig.—-l5
2534 3873 2718 3922 Contra
2750 3870 3005 3922 tinniba-

802 3939 1115 4057 lemtaddugt
1134 3877 1268 4057 Egi}
1292 3949 1415 3992 ante
1440 3941 1670 3992 Gronov.
1693 3949 1750 3993 et
1774 3941 1901 3992 Mes.
1917 3940 2030 3992 fere
2054 3956 2251 4005 omnes,
2272 3947 2463 4005 praeter
2479 3937 2607 3990 duos
2629 3937 2854 4003 optimos
2881 3936 3006 3986 Flo-

805 4017 899 4054 ren
926 4037 943 4057 .
966 4020 995 4056 e
1090 4021 1155 4056 an
1182 4021 1213 4057 a
1251 4021 1292 4056 r.

1797 4141 1846 4191 N
1854 4139 2014 4193 0¹1·AE

870 4233 885 4268 ¹
922 4233 1070 4284 Nullo
1098 4233 1399 4300 [Nusquam]
1437 4235 1619 4299 verius]
1657 4237 1861 4302 Optimi
1942 4237 2032 4289 sed
2079 4235 2200 4301 quid
2248 4251 2376 4302 opus
2427 4233 2838 4286 correctionibus
2883 4247 3008 4298 qun

803 4306 923 4358 libri
963 4309 1101 4374 opud
1143 4310 1462 4361 Gronovium
1502 4313 1689 4364 halieut
1731 4315 1862 4364 naun
1941 4313 2304 4366 difficultatem
2343 4329 2446 4364 nou
2491 4314 2698 4370 tollant,
2729 4311 2822 4364 sed
2863 4311 3008 4376 pari·

804 4385 978 4448 cedar,
1016 4402 1110 4452 pro
1156 4390 1335 4439 nullibi
1372 4391 1480 4440 sive
1525 4393 1668 4442 nullo
1711 4393 1860 4454 loco;
1943 4394 2072 4443 aut?
