3300 5225
761 475 937 544 1632
1700 506 1770 559 T.
1818 508 2015 561 mvn

1087 652 1222 704 rant
1267 644 1572 709 Demetrio
1617 650 1855 724 tradita,
1902 654 2335 737 Dyrrhachium
2378 666 2441 719 et
2478 658 2725 723 classem
2770 672 2833 725 et
2876 684 2983 725 ex-

1088 742 1331 802 ercitum
1384 744 1685 809 reduxere.
1772 749 1895 812 Sed
1950 762 2259 834 postquam
2312 756 2380 818 L.
2433 758 2795 833 Postumius,
2846 783 2983 823 cum

1089 838 1482 919 quadraginta
1525 846 1772 905 navibus
1816 847 2071 920 relictus,
2116 852 2437 913 exercitum
2484 876 2562 915 ex
2608 855 2987 919 finitimarum

1092 935 1320 997 urbium
1345 938 1580 1000 delectu
1605 941 1770 1014 fecit,
1791 943 2094 1026 Ardyaeis‚
2115 956 2176 1007 et
2200 950 2301 1027 qui
2331 960 2611 1031 praeterea
2642 951 2987 1034 Illyriorum

1093 1030 1170 1091 ad
1209 1035 1546 1097 societatem
1592 1037 1933 1102 Romanam
1980 1055 2364 1117 accesserant,
2408 1048 2677 1129 praesidio
2720 1049 2951 1112 futurus
2966 1074 2985 1121 3

1093 1138 1218 1189 tum
1259 1152 1398 1191 vero
1436 1132 1753 1215 desperatis
1792 1139 1964 1199 rebus
1996 1142 2115 1200 suis
2136 1140 2331 1203 Teuta
2354 1144 2431 1204 de
2454 1165 2602 1226 pace
2627 1148 2990 1227 quibuslibet

1093 1226 1524 1290 conditionibus
1547 1231 1888 1295 redimenda
1910 1238 2209 1315 cogitavit.

1175 1330 1276 1387 30.
1321 1324 1474 1387 Ideo
1521 1328 1632 1387 sub
1678 1330 1905 1391 initium
1946 1334 2101 1393 veris
2150 1333 2438 1413 legatione
2482 1336 2745 1399 Romam
2790 1343 2992 1414 missa,

771 1422 988 1489 Appisn.
1095 1441 1230 1501 quae
1271 1424 1564 1503 praeterita
1599 1437 1793 1487 esseut
1815 1438 2097 1509 tanquam
2122 1430 2384 1510 Agronis
2413 1434 2656 1516 imperio
2680 1436 2843 1497 facta
2882 1458 2991 1498 ex·-

1097 1520 1345 1591 cusavit,
1373 1522 1541 1599 cujus
1580 1531 1717 1582 acta
1754 1526 1903 1584 tueri
1940 1546 2239 1588 necessum
2270 1530 2381 1589 sibi
2420 1530 2641 1595 fuisset.
2726 1532 2993 1593 Romani

1099 1636 1216 1675 non
1259 1615 1372 1688 illi,
1397 1620 1566 1696 cujus
1603 1640 1679 1678 ea
1713 1623 1945 1703 propria
1986 1633 2242 1704 potestas
2282 1646 2395 1687 non
2440 1637 2612 1699 esset,
2644 1638 2708 1689 et
2740 1650 2875 1710 quae
2916 1629 2995 1691 de

1103 1710 1396 1774 'Romanis
1421 1715 1564 1787 nihil
1589 1716 1711 1777 tale
1738 1720 2057 1791 meruisset,
2086 1742 2285 1782 verum
2314 1722 2573 1803 Agr-onis
2596 1724 2721 1786 filio
2753 1726 2996 1787 Pinneo

1103 1828 1312 1890 pacem
1351 1810 1638 1872 dederunt
1662 1814 1754 1873 his
1784 1813 2041 1894 legibus:
2086 1827 2105 1853 ‘
2136 1828 2202 1878 ut
2224 1820 2515 1901 stipendia
2540 1822 2824 1903 imperata
2850 1843 2997 1904 pen-

776 1899 948 1966 ΡΟῙῚῙΦ·
1105 1905 1288 1968 deret.
1373 1907 1624 1991 Illyrico
1656 1913 1836 1983 omni,
1876 1916 2079 1994 paucis
2120 1918 2383 1997 exceptis
2423 1917 2586 1989 locis,
2613 1919 2927 1979 decederet
2946 1942 2963 1979 ε
2982 1919 3003 1955 ”

780 1996 994 2063 ΛΡΡίῑῠ·
1107 2024 1296 2084 neque
1333 2006 1488 2066 ultra
1531 2006 1757 2068 Lissum
1806 2010 2067 2091 pluribus
2110 2034 2287 2092 quam
2332 2014 2483 2074 binis
2526 2015 2759 2089 lembiS,
2802 2025 2865 2075 et
2904 2016 3001 2075 his

1106 2100 1438 2174 inermibuS,
1483 2106 1827 2184 navigaret?
1910 2106 2195 2189 Corcyra,
2230 2110 2487 2183 Pharus,
2534 2111 2685 2185 Issa,
2727 2112 2997 2193 Dyrrha-

1106 2200 1324 2271 chium,
1351 2208 1414 2261 et
1439 2199 1759 2263 Atintanes
1776 2204 1887 2264 hac
1914 2226 2061 2286 pace
2090 2206 2381 2268 Romanis
2403 2220 2731 2269 cesserunt:
2774 2218 2999 2281 cetera,

1108 2318 1242 2378 quae
1267 2299 1377 2358 sub
1404 2297 1665 2379 Agronis
1688 2303 1931 2384 imperio
1954 2302 2205 2374 fuerant,
2233 2304 2469 2365 Pinneo
2492 2306 2717 2366 relicta.
2802 2304 3003 2367 Teuta

1107 2397 1228 2457 sive
1261 2395 1482 2478 pudore
1525 2408 1588 2458 et
1625 2408 1806 2469 metu,
1828 2400 1951 2460 sive
1981 2401 2327 2479 jubentibus
2369 2401 2680 2474 Romanis,
2722 2402 3003 2463 adminis-

781 2492 1000 2543 Ζωπυ-
1108 2494 1359 2555 tratione
1397 2497 1559 2574 regni
1587 2496 1757 2569 abiit,
1782 2517 1957 2578 quam
1982 2500 2199 2559 tutorio
2230 2500 2460 2560 nomine
2485 2500 2743 2581 suscepit
2778 2499 3001 2560 Deme-

1107 2593 1252 2654 trius
1282 2594 1559 2656 Pharius.

1191 2699 1291 2753 31.
1335 2693 1438 2753 Sic
1473 2693 1646 2754 finita
1684 2714 1819 2754 cum
1854 2693 2083 2776 Illyriis
2114 2695 2504 2766 contentione,
2532 2695 2859 2775 finibusque
2894 2694 3005 2753 im-

1111 2791 1256 2871 perii
1271 2793 1402 2870 jam
1422 2790 1499 2851 ad
1525 2791 1739 2852 limites
1764 2790 2017 2852 Graeciae
2042 2792 2339 2872 promotis,
2361 2793 2439 2852 ab
2464 2792 2583 2853 alia
2602 2800 2769 2872 parte
2794 2811 3005 2872 parum

785 2855 962 2971 fgiyb.
1007 2872 1066 2908 ¹¹·
1110 2907 1314 2948 secura
1357 2887 1691 2970 respublica
1734 2897 1893 2948 erat:
1952 2887 2365 2948 meditantibus
2410 2887 2631 2948 bellum
2678 2886 2898 2958 Gallis,
2944 2897 3009 2946 et

821 2985 972 3038 Diod.
995 2986 1088 3036 Ec·
1113 2985 1383 3045 maximis
1415 2987 1476 3044 in
1519 2984 1819 3066 Hispania
1852 2986 2219 3046 incrementis
2244 2987 2327 3045 rei
2356 2985 2632 3055 Punicae,
2660 3004 2840 3065 quam
2878 2985 3007 3044 sine

787 3051 886 3116 ¹⁰3⁰
907 3051 938 3102 ι·
957 3067 1086 3102 ¹¹⁷⁰
1113 3081 1374 3162 periculo
1400 3080 1695 3142 Romanae
1716 3080 2047 3142 confirmari
2068 3103 2233 3162 posse
2258 3103 2430 3142 nemo
2454 3081 2752 3142 credebat.
2836 3080 3008 3141 Has-

1113 3179 1347 3251 drubal,
1392 3199 1567 3258 gener
1606 3187 1671 3239 et
1711 3199 2006 3239 successor
2052 3177 2437 3250 Hamilcaris,
2475 3179 2775 3238 vindicata
2818 3179 3011 3238 soceri

1115 3275 1348 3347 morte}
1371 3276 1588 3337 multas
1610 3286 1894 3357 praeterea
1915 3277 2181 3337 nationes
2208 3279 2419 3356 partim
2448 3278 2641 3346 armis,
2662 3275 3010 3356 plerumque

1115 3373 1358 3434 consilio
1383 3383 1444 3434 et
1469 3373 1769 3444 facundia,
1806 3393 1925 3454 qua
1951 3374 2094 3433 mire
2120 3372 2405 3453 pollebat,
2436 3373 3009 3451 Carthaginiensium

1115 3471 1357 3554 imperio
1380 3468 1674 3531 subdidit:
1716 3469 1897 3530 etiam
1923 3469 2107 3530 altera
2136 3469 2516 3549 Carthagine,
2534 3489 2667 3556 quae
2688 3467 2875 3530 Nova
2902 3488 3011 3549 ap-

780 2294 902 2346 Dio.

1180 3699 1198 3734 ἱ
1231 3701 1426 3767 Illyrico
1451 3701 1594 3758 omni,
1625 3699 1790 3765 paucis
1819 3699 2029 3764 exceptis
2098 3713 2189 3748 car
2210 3699 2261 3748 in
2287 3697 2467 3762 praelio
2500 3694 2722 3763 quodam
2758 3693 3015 3745 adversus

1118 3766 1655 3830 locis,·decederet]311a
1680 3767 1961 3831 Polybius:
1996 3780 2029 3815 a
2097 3764 2441 3814 ferocissimos
2468 3763 2739 3841 Hispjiniae
2768 3761 3016 3838 populos,

1119 3848 1220 3897 quo
1243 3833 1513 3882 dissentire
1549 3830 1791 3882 videntur
1820 3847 1883 3881 ea
1914 3845 2027 3897 quo
2094 3831 2372 3894 Vettones,
2422 3827 2701 3878 fortissime
2760 3826 3015 3876 dimicans

1118 3915 1240 3950 mox
1270 3899 1507 3949 desumta
1539 3913 1605 3948 ex
1631 3897 1875 3962 Appiano
1908 3895 2027 3946 snb-
2096 3895 2361 3960 occubuit,
2412 3893 2635 3942 testibus
2679 3892 2903 3968 Poly-bio
2958 3898 3020 3941 et

1113 3966 2029 4080 {¹323‘¹”‘¹¹5².„⁰⁰²·⁶13”‡:5.2022;¹:.⁰”22
2101 3961 2343 4088 35:¹3⁸?
2394 3959 2681 4074 ‚fflipffiiin
2722 3956 3017 4084 raam:

1485 4046 1530 4079 m
1938 4063 1953 4085 ,
2270 4059 2283 4074 .
2346 4057 2359 4074 .
2510 4055 2527 4070 .

1125 4046 1604 4160 Atiaffliampice
1623 4044 1852 4144 {omanis
1865 4095 2031 4143 cessis·
2099 4087 2345 4151 fluminis,
2366 4089 2419 4138 in
2452 4089 2589 4153 quod
2622 4087 2827 4150 ingredi
2859 4101 3015 4136 cosc-

1123 4178 1194 4212 σε.
1259 4163 1328 4211 Et
1359 4175 1483 4210 sane
1507 4162 1617 4208 haec
1641 4160 1884 4223 propiora
1906 4172 2031 4207 vero
2102 4163 2185 4204 tus
2222 4153 2410 4212 suerat,
2448 4154 2731 4203 vorticibus
2764 4165 3019 4201 summar-

1127 4229 1388 4278 videntnr.
1455 4225 1707 4290 Polybius
1734 4225 1816 4274 hic
1840 4233 2033 4288 preter
2102 4237 2213 4270 sum
2234 4221 2393 4270 fuisse
2407 4228 2599 4270 narrat.
2634 4217 2753 4268 vid.
2770 4224 2825 4267 et
2843 4216 3017 4272 Zona·

1125 4307 1318 4348 morem
1343 4291 1679 4343 ambitiosior.
1715 4293 1859 4340 Creu.
2104 4300 2233 4348 run,
2272 4293 2331 4337 et
2365 4285 2477 4336 Liv.
2516 4285 2609 4336 lib.
2645 4295 2805 4334 xxw.
2840 4295 2891 4332 c.
2923 4287 3015 4334 41.

1189 4355 1214 4394 ἱ
1225 4357 1477 4411 Vindium
1489 4357 1638 4412 soceri
1653 4357 1824 4422 morte]
1841 4352 2033 4406 Hamil·
2106 4353 2249 4404 Creu.
