3300 5225
773 461 950 531 1652
1700 476 1773 525 τ.
1822 476 2012 527 mvn

835 630 920 674 tur
941 618 1332 687 Carthaginem,
1353 626 1411 673 et
1433 618 1627 673 bellum
1648 618 1901 673 indicunt.
1968 623 2050 672 1⁹.
2083 620 2341 671 Perversa
2362 618 2639 669 Poeuornm
2660 614 2981 681 disceptatio

833 702 901 753 de
920 701 1173 755 foderum
1197 702 1323 769 jure
1357 709 1414 754 et
1446 700 1746 753 violatione.
1814 702 2003 767 Legati
2036 700 2189 752 Rom.
2214 702 2281 751 ab
2302 698 2621 763 Carthagine
2648 698 2699 747 in
2724 696 2981 761 Hispani·

833 799 916 835 arn
958 783 1245 850 trajiciunt,
1279 784 1570 849 multosque
1601 789 1747 833 trans
1772 782 1985 833 Iberum
2012 783 2231 848 populos
2256 782 2309 831 in
2334 780 2641 833 societatem
2667 778 2985 844 perliciuntg

834 866 926 915 sed
972 881 1003 915 a
1039 864 1306 916 Volcianis
1341 865 1556 930 aliisque
1590 864 1729 915 band
1770 864 1992 930 benigne
2029 865 2379 929 excipiuntur.
2444 866 2529 913 2⁰.
2564 861 2733 912 Iidem
2776 860 2983 910 animos

835 948 1124 1005 Gallorum.
1145 946 1211 997 ab
1237 946 1536 999 Hannibale
1561 946 1677 1010 jam
1714 954 2129 1011 preoccupatus,
2162 943 2358 995 frustra
2394 942 2677 1005 solicitant,
2708 955 2807 991 nec
2828 940 2927 991 nisi
2948 954 2985 990 a

833 1028 1239 1079 Massiliensibus
1269 1038 1419 1093 grata
1441 1026 1618 1078 ferunt
1641 1040 1907 1093 responsa.
1970 1031 2057 1079 21.
2090 1024 2372 1089 Hannibal,
2392 1024 2707 1087 Cartbagine
2726 1036 2863 1073 nova
2886 1022 2983 1088 lly-

833 1109 1076 1169 bernans,
1107 1110 1327 1177 Hispani
1351 1111 1555 1177 generis
1588 1110 1843 1161 militibus
1872 1116 2220 1162 commeatum
2257 1108 2370 1173 dat,
2402 1116 2459 1159 et
2496 1107 2677 1157 Gades
2706 1105 2979 1171 profectus

835 1200 944 1243 tum
980 1202 1105 1244 vota
1139 1194 1363 1244 exsolvit
1402 1192 1644 1251 Herculi,
1681 1200 1793 1243 tum
1828 1191 1974 1243 novis
2011 1206 2070 1242 ae
2108 1191 2328 1256 obligat.
2391 1188 2523 1239 Indo
2555 1190 2979 1254 supplementum

834 1274 1098 1325 exercitus
1117 1289 1184 1325 ex
1206 1272 1388 1325 Africa
1412 1274 1564 1340 petit,
1582 1271 1873 1339 eodemque
1894 1273 2061 1325 mittit
2092 1272 2444 1338 Hispanorum
2468 1269 2631 1322 ferme
2659 1282 2780 1321 xvi.
2804 1271 2984 1323 millia.

835 1358 916 1407 1⁷.
952 1354 1270 1407 Hasdrubali
1293 1354 1446 1407 fratri
1469 1355 1779 1420 Hispaniam
1804 1354 2137 1420 provinciam.
2158 1360 2212 1404 et
2236 1362 2343 1403 tam
2363 1352 2563 1417 copias,
2584 1350 2811 1402 maxime
2833 1347 2981 1402 Afri-

835 1450 946 1499 caa,
984 1452 1136 1502 quam
1159 1438 1372 1489 classem
1397 1435 1506 1489 dat.
1569 1438 1699 1487 Tum
1724 1450 1790 1487 ex
1814 1436 2060 1503 hybernis
2082 1441 2275 1492 movet.
2296 1444 2353 1485 et
2376 1434 2429 1483 in
2454 1434 2627 1498 quiete
2650 1430 2796 1484 videt
2822 1432 2980 1497 juve·

834 1532 953 1569 nem
991 1519 1165 1570 divina
1204 1520 1400 1585 specie,
1421 1518 1510 1585 qni
1546 1533 1602 1571 se
1636 1518 1705 1569 ab
1743 1518 1879 1571 Jove
1914 1516 2043 1569 dicit
2064 1516 2251 1567 ducem
2284 1515 2383 1581 ipsi
2414 1515 2469 1566 in
2504 1514 2710 1567 Italiam
2744 1515 2978 1565 missum.

833 1605 917 1651 23.
950 1600 1067 1651 Hoc
1089 1602 1204 1653 visu
1231 1600 1383 1653 letus
1417 1600 1705 1653 exercitum
1724 1600 1831 1668 (90.
1853 1600 2017 1652 millia
2038 1598 2273 1666 peditum
2294 1605 2353 1650 ct
2372 1602 2453 1649 12.
2476 1614 2545 1649 rn.
2566 1597 2831 1664 equitum)
2853 1597 2979 1649 Ibe-

833 1697 946 1733 rum
972 1682 1218 1749 traducit,
1236 1691 1312 1746 et,
1328 1684 1557 1735 subactis
1579 1682 1917 1749 Ilergetibus,
1938 1682 2231 1749 Bargusiis‚
2252 1682 2552 1743 Ausetanis,
2573 1682 2978 1747 Lacetanisque,

833 1762 1103 1827 Hispania
1137 1764 1214 1814 cis
1251 1763 1462 1815 Iberum
1500 1762 1722 1829 preficit
1755 1762 2099 1826 Hannonem3
2132 1763 2324 1814 multos
2365 1777 2487 1814 vero
2527 1762 2812 1829 Hispanos,
2843 1776 2978 1827 quos

831 1842 1015 1893 militia
1045 1844 1210 1895 sentit
1241 1844 1466 1909 gravari,
1487 1844 1666 1896 domos
1700 1844 1939 1896 remittit.
2001 1848 2087 1896 24.
2120 1843 2432 1909 Pyrennnm
2464 1842 2865 1909 transgreditur,
2886 1842 2980 1894 do·

831 1922 1014 1990 nisque
1037 1925 1180 1991 capit
1213 1926 1416 1991 regulos
1439 1926 1731 1977 Gallorum.
1793 1930 1877 1977 2⁵.
1910 1926 2041 1991 Ejus
2060 1940 2161 1991 ope
2182 1924 2309 1976 freti
2332 1925 2452 1977 Boii
2470 1932 2527 1977 et
2547 1926 2799 1977 Insubres
2820 1938 2977 1991 agros

832 2004 1119 2057 Placentia
1141 2006 1534 2075 Cremonaeque,
1546 2008 1863 2059 coloniarum
1889 2007 2041 2059 Rom.
2064 2006 2333 2070 infestant,
2352 2014 2406 2059 et
2428 2007 2689 2059 Mutinam
2710 2006 2979 2059 obsident.

834 2085 1100 2138 Adversus
1124 2101 1214 2139 cos
1233 2090 1366 2139 mule
1385 2104 1494 2139 rem
1515 2088 1653 2154 gerit
1674 2088 1735 2139 1..
1760 2088 1989 2141 Manlius
2014 2098 2243 2153 praetor3
2274 2094 2358 2141 26.
2381 2090 2467 2140 cui
2484 2088 2547 2141 C.
2565 2086 2759 2139 Atilius
2775 2097 2978 2155 praetor

833 2166 1002 2219 Roma
1035 2169 1223 2221 auxilio
1259 2169 1501 2221 mittitur.
1564 2170 1747 2235 Scipio
1788 2171 1967 2222 consul
2004 2170 2293 2222 Massiliam
2318 2171 2578 2235 pervenit,
2602 2171 2811 2221 vixdum
2846 2172 2977 2221 satis

831 2250 1067 2309 credens,
1089 2252 1437 2303 Hannibalern
1462 2268 1735 2318 superasse
1758 2252 2045 2318 Pyrenoeos
2068 2262 2289 2305 montes.
2356 2252 2413 2303 Is
2450 2267 2595 2317 vero,
2621 2252 2734 2318 jam
2768 2253 2821 2303 in
2843 2252 2975 2304 Vol-

831 2346 1007 2382 carum
1031 2348 1335 2399 progressus
1355 2349 1534 2400 agrum
1554 2344 1610 2385 et
1633 2334 1700 2385 ad
1735 2335 1896 2399 ripam
1930 2333 2191 2391 Rhodani,
2226 2346 2385 2385 naves
2410 2334 2637 2400 undiquc
2660 2335 2975 2385 contraben-

831 2412 926 2463 das
946 2412 1378 2483 fabric-undasque
1399 2422 1566 2469 curat.
1627 2420 1712 2467 27.
1745 2415 2033 2469 Pmmittit
2055 2416 2363 2467 Hannonem
2392 2430 2509 2469 cum
2532 2422 2685 2481 parte
2706 2417 2975 2467 exercitus

831 2496 1007 2547 insciis
1029 2498 1215 2561 Gallis,
1239 2499 1328 2564 qni
1350 2498 1620 2549 adversam
1644 2497 1954 2549 obtinebant
1988 2498 2175 2565 ripam,
2194 2504 2247 2549 et
2268 2512 2388 2549 mox
2412 2498 2525 2564 ipse
2547 2499 2771 2564 reliquas
2794 2500 2976 2565 copias

828 2581 914 2630 28.
946 2588 1104 2646 atque
1138 2580 1442 2646 elephantos
1481 2579 1785 2632 Rhodanum
1820 2580 2040 2646 trajicit.
2100 2584 2185 2632 29.
2218 2578 2439 2632 Interim
2462 2584 2579 2634 300.
2616 2580 2879 2640 Nnmidoe,
2902 2580 2973 2634 ad

827 2667 1001 2710 castra
1023 2660 1260 2711 Romana
1279 2661 1438 2722 missi,
1459 2669 1742 2712 occurrunt
1764 2665 1878 2712 300.
1902 2661 2167 2728 equitibus
2190 2660 2339 2712 Rom.
2362 2661 2427 2712 ad
2450 2663 2775 2726 exploranda
2800 2665 2977 2714 omnia

831 2756 862 2791 a
881 2741 1124 2806 Scipione
1147 2743 1447 2806 promissis,
1465 2749 1521 2793 et
1542 2742 1611 2794 ab
1634 2741 1714 2792 bis
1737 2756 1912 2808 pugna
1943 2743 2113 2794 atroci
2133 2743 2431 2794 vincuntur.
2494 2743 2779 2807 Hannibal,
2802 2744 2977 2796 incer·

831 2830 937 2885 tus,
975 2833 1148 2874 utrum
1173 2832 1464 2876 revertatur
1487 2838 1552 2875 an
1575 2825 1650 2874 ire
1674 2833 1879 2890 pergat,
1903 2824 1969 2876 ad
1988 2831 2217 2890 emptum
2240 2825 2293 2875 in
2315 2825 2523 2876 Italiam
2544 2825 2646 2876 iter
2664 2827 2977 2877 continuan-

829 2904 952 2956 dum
975 2904 1251 2956 inclinatur
1272 2907 1497 2957 consiliis
1536 2914 1592 2957 et
1627 2906 2092 2972 pollicitationibus
2116 2908 2404 2972 legatorum
2426 2906 2674 2958 Boiorum
2697 2907 2972 2972 regulique

829 2986 1047 3052 Magali.
1110 2991 1194 3038 30.
1227 2987 1417 3054 Itaque
1439 2989 1583 3039 varie
1615 2989 1835 3040 militum
1858 2995 2037 3040 versat
2072 2989 2270 3040 animos
2294 2988 2601 3053 castigando
2623 2988 2975 3040 adhortando-

829 3087 950 3137 que.
1011 3076 1096 3125 31.
1127 3071 1259 3123 Turn
1291 3069 1679 3122 mediterranea
1712 3069 1899 3121 Gallim
1933 3071 2087 3135 petit,
2112 3077 2169 3122 et
2196 3069 2264 3122 ab
2285 3067 2671 3135 Allobrogibus,
2694 3079 2972 3138 postquam

826 3153 1111 3204 certamina
1132 3166 1330 3216 eorum,
1350 3150 1550 3203 arbiter
1573 3151 1721 3216 regni
1741 3149 1932 3218 factus,
1950 3151 2174 3214 sedarit,
2192 3151 2345 3217 copia
2366 3165 2539 3202 rernm
2561 3153 2807 3211 omnium,
2820 3167 2971 3204 max·

827 3235 932 3286 ime
957 3234 1199 3292 vestium,
1223 3234 1517 3299 adjuvatur.
1582 3232 1718 3284 Inde
1760 3247 1856 3297 per
1890 3231 2301 3286 Tricastinorum
2322 3233 2795 3300 vocontiorumque
2815 3250 2971 3300 agros

828 3316 1002 3368 tendit
1039 3316 1094 3367 in
1133 3315 1418 3382 Tricorios,
1449 3321 1508 3366 et
1543 3315 1859 3368 Druentiam
1895 3315 2111 3383 trajicit,
2130 3316 2220 3383 qul
2255 3315 2483 3368 omnium
2516 3315 2703 3368 Gallim
2739 3317 2969 3369 amnium

827 3395 1162 3449 difficillimus
1187 3398 1408 3448 transitu
1431 3404 1532 3449 est.
2782 3391 2791 3398 ⁴

764 3482 846 3530 32.
877 3479 1074 3546 Scipio,
1095 3479 1398 3545 desperans.
1431 3493 1490 3531 sc
1525 3479 1700 3531 hostes
1736 3485 1938 3532 tantum
1976 3492 2293 3546 progressos
2323 3487 2705 3546 assecuturum,
2740 3480 2841 3532 Cn.
2860 3478 2971 3532 fra·

828 3569 960 3612 trem
995 3576 1114 3614 cum
1149 3561 1372 3612 maxima
1393 3561 1665 3626 copiarum
1690 3561 1915 3626 partein
1939 3561 2245 3627 Hispaniam
2268 3561 2435 3613 mittit
2454 3562 2703 3613 adversus
2728 3561 2970 3614 Hasdru·

823 3641 1014 3704 balem,
1048 3651 1104 3693 et
1139 3658 1258 3694 cum
1287 3644 1478 3706 exigua
1513 3657 1671 3694 manu
1704 3643 1941 3696 Genuam
1974 3644 2196 3710 repetit,
2218 3658 2299 3704 eo,
2322 3644 2410 3709 qui
2434 3645 2577 3696 circa
2600 3645 2801 3696 Padum
2824 3653 2962 3708 erat,

822 3724 1060 3776 exercitu
1073 3723 1220 3775 Atilii
1245 3730 1304 3776 et
1320 3723 1502 3776 Manlii
1526 3724 1738 3776 Italiam
1760 3725 2093 3788 defensurus,
2109 3739 2523 3790 occursurnsque
2546 3726 2711 3777 Poeno
2731 3725 2797 3778 ab
2818 3725 2969 3790 Alpi·

823 3797 920 3858 bus
939 3805 1296 3858 descendenti.
1363 3805 1622 3858 Hannibal
1647 3808 1889 3872 pervenit
1921 3808 1987 3860 ad
2021 3805 2207 3872 Alpes,
2229 3815 2287 3859 et
2309 3806 2491 3860 Gallos
2518 3805 2585 3858 ad
2612 3805 2825 3858 visenda
2854 3807 2969 3860 loca

824 3888 1114 3953 prumittit.
1178 3892 1262 3939 33.
1282 3892 1366 3940 u.
1395 3887 1569 3953 Erigit
1599 3903 1787 3953 agmen
1811 3888 1863 3939 in
1887 3887 2079 3955 primos
2100 3887 2289 3938 montis
2310 3887 2490 3947 clivos,
2512 3885 2820 3939 conflictans
2844 3902 2966 3940 cum

821 3970 1078 4022 montanis
1099 3977 1156 4022 et
1173 3969 1448 4036 iniquitate
1469 3969 1721 4022 locorum.
1786 3975 1871 4024 35.
1904 3973 1989 4022 30.
2022 3970 2180 4022 Nono
2215 3969 2303 4020 die
2324 3970 2377 4020 in
2406 3968 2593 4034 jugum
2618 3969 2731 4033 ejus
2766 3971 2969 4034 evadit,

823 4057 879 4101 et
900 4049 1206 4114 degreditur
1241 4051 1296 4103 iu
1319 4051 1428 4102 vias
1461 4050 1783 4116 precipites,
1816 4059 2083 4117 angustas,
2118 4050 2363 4113 lubricas,
2389 4050 2612 4116 praealta
2634 4051 2757 4102 nive
2776 4059 2834 4102 et
2856 4051 2965 4102 levi

822 4129 1145 4196 infra-glacie
1169 4131 1423 4184 obtectas.
1489 4136 1570 4193 ⁸⁷.-
1602 4133 1738 4184 Inde
1763 4149 1964 4200 rupem,
1998 4141 2092 4200 ρα-
2124 4147 2278 4198 quam
2304 4145 2456 4182 unam
2480 4132 2566 4181 via
2588 4139 2689 4190 est,
2712 4132 2963 4184 torridam

823 4213 1082 4277 incendio,
1105 4211 1378 4280 infusoque
1401 4222 1552 4267 aceto
1574 4216 1944 4280 putrefactam,
1965 4215 2147 4282 pandit
2169 4212 2328 4272 ferro,
2352 4223 2405 4264 et
2428 4213 2639 4262 tandem
2662 4212 2725 4263 ad
2751 4214 2967 4279 planum

821 4293 1109 4346 descendit.
1171 4297 1253 4346 38.
1289 4293 1354 4347 In
1387 4295 1629 4348 Taurinis
1656 4295 1961 4362 degreditur
1996 4297 2051 4349 in
2085 4295 2311 4360 Italiam,
2334 4295 2535 4361 ingenti
2566 4309 2779 4346 nurnero
2798 4295 2963 4346 bomi—

821 4390 944 4428 num
975 4376 1433 4444 jumentorumque
1467 4377 1673 4430 amisso.
1738 4383 1821 4431 30.
1862 4377 2061 4446 Scipio,
2094 4393 2213 4432 cnm
2256 4378 2405 4430 Pisas
2448 4376 2671 4430 navibus
2715 4375 2964 4442 venisset,
