3300 5225
1695 531 1804 598 19.
2367 529 2539 599 1683

320 690 472 756 suso
498 692 523 725 ‘
542 688 794 757 bellum
818 688 1010 756 dare’
1038 690 1353 771 dixisset,
1388 694 1409 726 ‘
1432 692 1740 777 accipere
1770 691 1874 758 se’
1902 712 2134 759 omnes
2161 694 2528 780 responde-

320 800 496 873 runt,
526 800 547 831 ‘
570 800 662 873 et,
694 794 945 878 quibus
974 794 1353 878 acciperent
1380 794 1646 871 animis,
1676 794 1916 861 iisdem
1946 816 2020 861 se
2039 804 2090 847 ¹⁷
2119 794 2466 879 gesturos?

404 897 513 963 19.
559 896 739 963 Haec
770 896 1021 961 directa
1046 898 1511 980 percunctatio
1540 916 1624 961 ac
1655 896 2076 964 denuntiatio
2105 898 2266 964 belli
2306 898 2526 983 magis

318 1020 406 1065 ex
439 1000 761 1082 dignitate
791 998 1029 1083 populi
1050 996 1343 1063 Romani
1364 1000 1512 1063 visa
1531 1006 1660 1079 est,
1683 1018 1885 1083 quam
1909 1000 1992 1065 de
2021 1000 2348 1066 soederum
2372 1001 2525 1087 Jure

316 1104 539 1168 verbis
570 1102 972 1187 disceptare,
1002 1122 1155 1167 cum
1198 1110 1377 1180 aute,
1424 1107 1559 1167 tum
1593 1104 1889 1168 maxime
1917 1102 2224 1187 Sagunto
2265 1106 2528 1171 excisa.

316 1204 527 1283 Nam,
576 1206 637 1269 si
686 1206 1035 1269 verborum
1080 1201 1623 1288 disceptationis¹
1667 1224 1778 1271 res
1828 1210 2034 1284 esset,
2094 1205 2254 1292 quid
2303 1206 2528 1273 foedus

316 1306 781 1373 Hasdrubalis
804 1305 857 1347 ¹⁸
900 1324 1055 1371 cum
1102 1306 1354 1373 Lutatii
1402 1307 1621 1391 priore
1653 1306 1930 1387 soedere,
1979 1307 2154 1394 quod
2193 1316 2524 1375 mutatum

316 1416 443 1487 est,
473 1408 993 1494 comparandum
1028 1411 1223 1475 erat'l
1270 1429 1422 1477 cum
1456 1410 1524 1475 iu
1550 1409 1812 1476 Lutatii
1841 1411 2096 1477 foedere
2127 1410 2372 1477 diserte
2403 1413 2527 1479 ad·

318 1512 531 1577 ditum
565 1520 770 1588 esset,
816 1513 949 1577 ‘ita
976 1513 1046 1578 id
1080 1519 1293 1579 ratum
1324 1512 1487 1593 sore,
1536 1514 1595 1577 si
1630 1513 1926 1598 populus
1959 1514 2410 1581 censuisset‘l’
2453 1514 2526 1580 in

320 1614 785 1681 Hasdrubalis
814 1613 1064 1679 soedere
1092 1632 1217 1679 nec
1248 1620 1613 1700 exceptum
1644 1616 1784 1682 tale
1813 1620 2171 1704 quicquam
2203 1618 2427 1697 fuerit,
2456 1623 2529 1683 et

312 1724 421 1783 tot
447 1735 771 1783 annorum
802 1718 1073 1783 silentio
1098 1718 1193 1785 ita
1219 1718 1378 1784 vivo
1400 1738 1482 1784 eo
1505 1721 2021 1804 comprobatum
2050 1722 2140 1787 sit
2169 1705 2417 1799 foedae,
2447 1726 2527 1789 ut

1062 546 1209 595 1018.
1258 542 1435 597 XXl.
1482 546 1650 595 cAP.

200 1818 207 1821 ’
309 1840 395 1886 ne
442 1824 705 1887 mortuo
760 1819 1033 1904 quidem
1078 1826 1360 1885 auctore
1392 1820 1760 1905 quicquam
1805 1829 2194 1888 mutaretur.
2287 1822 2524 1903 Quan-

310 1942 517 2009 quam
561 1929 649 2002 et,
696 1921 757 1987 si
798 1922 1017 2007 priore
1035 1930 1089 1973 ¹⁹
1128 1921 1384 1988 foedere
1440 1919 1780 2003 staretur-‚¹²
1822 1926 1991 1991 satis
2045 1929 2318 2005 cautum
2378 1934 2527 1991 erat

308 2024 729 2109 Saguntinis,
758 2023 1415 2108 sociis-utrorumque
1445 2026 1780 2110 exceptis.
1869 2026 2051 2093 Nam
2092 2046 2306 2111 neque
2337 2028 2527 2095 addi-

308 2134 457 2193 tum
490 2136 661 2205 erat,
702 2126 854 2205 ‘iis,
884 2127 1001 2212 qui
1036 2139 1195 2192 tunc
1217 2125 1481 2206 essent,⁸
1527 2147 1678 2209 nec,
1721 2133 1848 2194 ‘ne
1877 2130 1996 2215 qui
2037 2138 2283 2215 postea
2330 2150 2524 2197 assu-

306 2230 697 2297 merentur?
782 2228 868 2296 Et
914 2248 1069 2295 cum
1120 2250 1467 2297 assumere
1508 2251 1728 2298 novos
1778 2232 2010 2299 liceret
2061 2235 2314 2313 socioS,
2369 2234 2524 2319 quis

308 2352 582 2419 aequum
612 2340 940 2413 censeret,
970 2341 1090 2401 aut
1114 2334 1203 2399 ob
1250 2333 1435 2401 nulla
1462 2354 1840 2420 quenquam
1887 2335 2128 2401 merita
2167 2336 2236 2401 in
2291 2338 2524 2404 amici-

304 2436 478 2503 tiam
508 2434 765 2522 recipi'l
806 2442 926 2503 aut
955 2442 1261 2522 receptos
1307 2437 1377 2502 in
1422 2435 1629 2503 fidem
1677 2457 1810 2502 nou
1856 2436 2186 2506 defendi?
2235 2446 2522 2519 tantum,

1227 2600 1292 2626 00
1296 2602 1505 2626 ΝΜΟΟΟ

302 2707 393 2752 ant
411 2700 555 2763 jussa
575 2702 692 2752 icta.
695 2705 827 2752 -lo
864 2702 955 2768 Ue,
972 2703 1095 2768 quod
1116 2703 1202 2754 diu
1224 2702 1358 2768 conj.
1392 2701 1586 2754 Bauer.
1589 2707 1719 2754 —17
1750 2703 1818 2753 ‘rb
1851 2718 1904 2755 se
1941 2710 2060 2756 ante
2089 2709 2312 2768 gesturos
2343 2704 2524 2756 delen-

304 2767 439 2884 dnlag
460 2768 847 2893 vaningi-3531

304 2899 517 2962 recepit
536 2897 701 2948 Drak
724 2912 820 2960 pro
841 2899 979 2962 vulg.

302 2965 421 3013 dtas
442 2977 537 3014 aton
558 2967 687 3026 eret,
706 2977 811 3013 eun
813 2967 957 3012 0—19

1207 2848 1285 2883 .e
1310 2832 1439 2882 Mu.
1460 2831 1599 2884 Flor.
1620 2838 1679 2884 et
1692 2832 1846 2886 Voss.
1867 2832 2116 2885 suadente
2138 2833 2194 2886 J.
2213 2835 2268 2886 l?-
2286 2835 2520 2887 Gronov.

1140 2835 2524 2992 soedufl.em1,.p.s.comeatu-eumanum-

1033 2963 1135 3029 ulg.
1172 2965 1455 3029 Quanquam
1474 2964 1565 3013 eta·
1582 2964 1762 3028 priore.
1831 2963 1932 3013 ‘Sa’
1958 2966 2119 3029 priore
2137 2963 2337 3026 soedere,
2361 2967 2466 3017 icto
2489 2979 2521 3015 a

1306 3109 1526 3162 No’rlss

300 3212 423 3262 loeo
463 3215 725 3260 auctores.
790 3207 1113 3260 Electionem
1149 3207 1275 3260 belli
1315 3215 1373 3260 et
1454 3195 1872 3274 Carthaginiensi
1905 3209 2142 3275 percussi
2179 3209 2230 3260 in
2269 3209 2523 3278 Hispania

304 3287 455 3350 pacis
496 3285 747 3335 Romane
783 3285 1029 3350 legationi
1068 3287 1303 3338 relictam
1338 3299 1373 3336 a
1452 3300 1569 3337 cum
1610 3289 1887 3338 Romanis:
1923 3287 2078 3339 aliam
2118 3289 2391 3340 anterioris
2425 3288 2522 3340 fta·

305 3361 829 3427 Carthaginiensibus
868 3361 1031 3414 refert
1068 3379 1187 3416 cum
1224 3364 1373 3416 Livio
1452 3363 1590 3414 deris
1614 3364 1706 3415 icti
1725 3375 1758 3415 a
1779 3365 1993 3416 Lutatio
2014 3379 2132 3416 cum
2153 3365 2335 3415 Poeuis
2359 3365 2414 3416 in
2439 3367 2521 3418 Si·

300 3439 481 3490 Varro
500 3438 640 3503 apud
666 3437 731 3488 A.
764 3437 992 3490 Gellium
1016 3439 1107 3492 lib.
1132 3453 1235 3492 xx.
1254 3455 1373 3506 cap.
1451 3439 1591 3503 cilia,
1611 3441 1750 3506 quod
1784 3454 1816 3490 a
1849 3441 2093 3490 Romanis
2127 3447 2382 3492 mutatum
2405 3441 2519 3494 fne-

302 3517 393 3566 27.
458 3514 564 3566 Sed
588 3511 746 3570 idem,
767 3521 825 3564 et
854 3523 977 3579 post
1003 3531 1121 3566 eum
1144 3517 1373 3582 Pompo·
1450 3522 1569 3567 rat=
1608 3517 1688 3567 uti
1709 3523 1868 3568 antea
1887 3527 1972 3567 est
2000 3515 2437 3577 demonstratum.
2459 3525 2516 3571 et

302 3591 427 3642 nius
458 3589 875 3642 Jnrisconsnltus
904 3591 959 3642 in
998 3591 1062 3642 10.
1100 3605 1167 3642 ιι.
1207 3594 1273 3643 D.
1302 3593 1371 3643 de
1450 3607 1518 3644 ex
1540 3592 1766 3645 decenni
1783 3593 2290 3659 Carthaginiensium
2308 3596 2520 3668 silentiq

304 3667 465 3732 θεὶς.
482 3667 649 3732 Jur.§
683 3670 765 3718 8⁶1.
788 3667 970 3731 tradit,
993 3673 1220 3719 tesseras
1240 3669 1375 3720 duas
1452 3669 1732 3722 evincitur.

302 3751 582 3809 porrectas
605 3743 1139 3809 Carthaginiensibus,
1170 3744 1223 3794 ln
1245 3759 1373 3811 qua·
1516 3743 1542 3780 ¹¹
1563 3748 1633 3798 132
1646 3747 1694 3798 si
1711 3747 2068 3812 primsoedere
2087 3747 2324 3811 darem]
2347 3749 2520 3800 Usita-

302 3837 423 3874 raas
446 3823 619 3874 altera
646 3821 885 3880 caducei,
922 3821 975 3872 in
1010 3823 1176 3874 altera
1208 3824 1375 3874 hasta

302 3902 589 3954 shnlacra
617 3907 789 3952 essent
824 3902 1005 3952 ineisa.
1038 3901 1178 3952 Flor.
1200 3903 1288 3952 lib.
1310 3915 1375 3952 n.

302 3993 427 4045 cap.
466 3983 519 4030 8.
558 3991 590 4027 a
623 3977 804 4030 Ptenis
840 3978 1211 4030 succlamatum
1254 3994 1375 4031 esse

304 4057 385 4108 ait
419 4055 610 4113 benna,
646 4053 791 4118 quasi
824 4053 943 4120 ipsi,
976 4055 1178 4122 rejecta
1222 4071 1372 4122 pace.

302 4133 497 4185 bellum
522 4132 797 4195 elegerint.

368 4209 387 4246 ¹
418 4209 481 4259 δί
508 4208 759 4259 whom
790 4209 1172 4274 disceptationis]
1201 4210 1259 4262 si
1294 4225 1377 4262 ra·

304 4286 455 4338 tione
474 4284 753 4349 agendum,
772 4292 829 4336 et
851 4286 1025 4337 verbis
1054 4287 1373 4339 contenden-

304 4363 427 4414 dum
461 4359 668 4426 fuisset,
704 4360 987 4414 constabat
1023 4363 1175 4414 aliam
1210 4363 1372 4417 fnisse

304 4439 661 4492 conditionem
690 4435 905 4490 foederis
935 4441 1003 4492 ab
1038 4439 1371 4493 Hasdrubale

1454 3823 1557 3876 tius
1577 3825 1854 3886 estsoedefi
1871 3831 2005 3878 stare
2019 3842 2038 3876 .-
2059 3825 2321 3876 indicatur
2342 3837 2518 3878 autem

1450 3900 1536 3952 hle
1559 3904 1702 3968 prins
1731 3901 1921 3962 fredus,
1957 3917 2058 3954 nou
2079 3903 2232 3970 quale
2254 3919 2283 3954 a
2307 3903 2520 3955 Lutatio

1452 3977 1660 4042 initum,
1680 3978 1771 4029 sed
1811 3979 1966 4044 quale
2003 3993 2036 4027 a
2071 3979 2262 4043 populo
2287 3977 2519 4030 Romano

1452 4052 1792 4107 reformatum
1815 4053 2026 4106 fueratt
2059 4068 2163 4119 quo
2180 4053 2388 4120 quidem
2423 4052 2516 4105 1·oe-

1454 4132 1581 4184 dere
1626 4133 2204 4200 comprehendebantur
2258 4133 2516 4199 utrimque

1453 4212 1601 4276 socii,
1620 4225 1724 4262 nou
1741 4213 1961 4277 praecise
1981 4210 2068 4276 qui
2091 4217 2212 4260 tuuc
2237 4218 2405 4273 erant,
2423 4210 2516 4260 sed

1453 4288 1768 4352 generaliter
1789 4302 1804 4338 ε
1840 4287 1916 4337 lta
1939 4294 2000 4338 ut
2020 4286 2178 4338 etiam
2202 4284 2365 4338 futuri
2389 4286 2518 4338 socii

1454 4379 1517 4417 eo
1537 4364 1795 4417 contineri
1815 4366 2134 4417 viderentur.
