3300 5225
1113 529 1258 580 ms.
1304 527 1537 579 xxrv.
1581 527 1748 580 oAP.
1788 513 1901 582 43.
2418 513 2595 582 2⁰63

483 675 593 744 43.
637 675 820 742 Haec
847 676 920 741 in
950 675 1310 761 Hispania,
1344 675 1435 756 Q.
1461 676 1707 756 Fabio,
1737 675 1837 740 Μ.
1863 673 2153 743 claudio
2178 677 2590 759 consulibus,

395 787 608 862 gesta.
697 779 942 845 Romae
989 799 1143 844 cum
1193 780 1441 845 tribuni
1491 780 1717 864 plebis
1768 780 1929 844 novi
1981 779 2443 862 magistratum
2492 783 2593 846 in·-

395 881 629 957 issent,
665 881 1006 966 extemplo
1051 882 1464 959 censoribus,
1511 882 1594 947 P.
1639 882 1844 947 Furio
1888 888 1958 947 et
2003 881 2108 947 Μ.
2142 880 2379 962 Atilio,
2424 903 2469 950 a
2511 883 2592 948 L.

395 983 678 1050 Metello
705 986 970 1050 tribuno
1011 984 1230 1069 plebis
1260 984 1405 1050 dies
1435 983 1623 1049 diota
1654 985 1741 1050 ud
1772 984 2096 1069 populum
2128 991 2257 1050 est.
2346 984 2591 1065 Quoes-

391 1091 608 1152 torem
651 1106 808 1151 eum
861 1087 1167 1170 proximo
1213 1105 1410 1165 anuo,
1461 1085 1729 1152 ademto
1770 1107 1967 1171 equo,
2018 1088 2193 1152 tribu
2244 1095 2595 1157 moverant

393 1196 596 1274 atque
627 1189 932 1254 aerarium
981 1189 1290 1267 fecerant,
1335 1195 1615 1271 propter
1651 1188 2172 1272 conjurationem
2203 1189 2589 1258 deserendas

393 1293 616 1358 Italiae
645 1291 729 1356 ad
753 1291 1025 1357 Cannas
1053 1289 1362 1358 factam!
1448 1290 1583 1356 Sed
1617 1310 1859 1356 novem
1892 1293 2299 1356 tribunorum
2332 1295 2591 1361 auxilio

389 1395 584 1460 vetiti
616 1414 891 1459 causam
921 1395 990 1458 in
1021 1395 1408 1475 magistratu
1439 1394 1677 1472 dicere,
1712 1394 2111 1479 dimissique
2142 1393 2425 1460 fuerant.
2476 1391 2589 1463 Ne'

387 1498 668 1563 lustrum
723 1496 1140 1582 perficerent,
1192 1515 1370 1561 mors
1417 1494 1763 1580 prohibuit
1794 1494 1873 1560 P.
1906 1495 2112 1561 Furii.
2204 1495 2305 1560 M.
2334 1496 2589 1566 Atilius

387 1601 784 1682 magistratu
817 1619 890 1663 se
923 1598 1287 1665 abdicavit.
1376 1597 1777 1664 consularia
1822 1599 2099 1664 comitia
2136 1599 2369 1665 habita
2410 1621 2453 1666 a
2495 1599 2589 1680 Q.

387 1701 610 1767 Fabio
641 1702 954 1766 Maximo
981 1701 1280 1766 consule.
1389 1700 1612 1766 Creati
1643 1700 1965 1764 consules
2009 1701 2210 1766 ambo
2252 1703 2586 1784 absentes,

390 1804 482 1885 Q.
540 1805 794 1870 Fabius
839 1803 1204 1882 Maximus,
1257 1802 1560 1868 consulis
1609 1801 1819 1880 filius,
1872 1807 1939 1866 et
1990 1802 2097 1867 Ti.
2150 1803 2588 1890 Sempronius

385 1906 734 1974 Gracchus
765 1907 1022 1973 iterum.
1109 1906 1445 1972 Praetores
1473 1905 1646 1972 fiunt
1678 1904 1779 1968 M.
1808 1902 2089 1984 Atilius,
2142 1913 2237 1984 et,
2286 1910 2401 1992 qui
2440 1915 2589 1974 tum

387 2009 620 2076 oediles
651 2011 914 2076 curules
943 2016 1151 2087 erant,
1185 2007 1264 2074 P.
1297 2009 1736 2093 Sempronius
1766 2008 2147 2074 Tuditanus
2176 2016 2247 2075 et
2272 2009 2397 2074 Cn.
2433 2011 2583 2076 Ful-

383 2112 534 2178 vius
566 2112 1048 2178 Centumalus⁷
1091 2121 1164 2176 et
1211 2110 1310 2176 Μ.
1348 2111 1663 2176 AEmilius
1694 2111 2015 2195 Lepidus.
2101 2109 2335 2175 Ludos
2366 2115 2588 2178 sceni-

384 2231 504 2278 cos
533 2233 653 2298 per
683 2213 1110 2297 quatriduum
1160 2231 1244 2277 eo
1291 2232 1471 2278 anno
1520 2214 1806 2297 primum
1856 2212 2085 2277 factos
2118 2214 2206 2278 ab
2236 2215 2583 2282 curulibus

383 2317 721 2394 aedilibus,
753 2318 1088 2383 memoriae
1127 2316 1452 2400 proditur.
1543 2315 1793 2381 AEdilis
1832 2315 2211 2380 Tuditanus
2256 2317 2366 2382 hic
2414 2304 2585 2398 erat',

381 2419 501 2504 qui
539 2419 624 2484 ad
656 2418 956 2498 Cannas„
987 2437 1240 2503 pavore
1271 2417 1427 2482 aliis
1456 2418 1524 2481 in
1554 2422 1737 2483 tanta
1767 2416 1961 2482 clade
1991 2420 2433 2504 torpentibus,
2462 2443 2585 2506 per

380 2520 644 2586 medios
673 2521 896 2586 hostes
919 2521 1184 2586 evasit.⁸
1273 2519 1581 2594 comitiis
1606 2517 1943 2604 perfectiS,
1962 2529 2233 2586 auctore
2255 2521 2345 2602 Q.
2372 2523 2585 2590 Fabio

381 2625 680 2703 consule,
730 2625 1058 2707 designati
1102 2624 1410 2689 consules
1442 2623 1733 2689 Romam
1778 2626 2087 2689 arcessiti
2128 2627 2583 2709 magistratum

377 2726 746 2793 inieruntz‘
787 2733 1223 2811 senatumque
1264 2727 1346 2792 de
1389 2727 1567 2792 bello
1615 2747 1697 2792 ac
1741 2726 2109 2810 provinciis
2163 2729 2305 2792 suis
2342 2734 2581 2812 praeto-

379 2848 683 2913 rumque,
718 2835 786 2894 et
823 2830 910 2895 de
941 2830 1381 2909 exercitibus,
1418 2828 1669 2913 quibus
1710 2829 1960 2915 quique
1999 2837 2385 2913 praeessent,
2416 2850 2581 2896 con-

381 2932 754 2998 suluerunt.

1289 3047 1657 3070 ”ome-'0000

440 3200 474 3247 6
502 3196 519 3226 ‘
543 3196 672 3246 Put.
705 3196 1064 3247 desereddactm
1083 3196 1236 3245 italia
1256 3200 1310 3245 at
1328 3212 1520 3247 canna.
1585 3195 1707 3245 Pet.
1739 3196 1921 3246 deme
1940 3200 2075 3245 acm
2096 3195 2258 3246 Italia·
2276 3197 2341 3246 ad
2368 3196 2577 3245 Cannas.

370 3262 522 3312 Voss.
557 3262 736 3323 deserte
755 3266 888 3310 actus
911 3262 1088 3311 Italia.
1155 3260 1366 3324 Aliquid
1393 3264 1540 3311 latet.
1597 3262 1757 3310 Forte
1793 3262 2141 3323 scribendum,
2162 3264 2429 3311 demenda
2450 3268 2579 3310 metu

371 3328 534 3377 Italia
557 3326 756 3376 Canusii
774 3325 1000 3387 faceam3
1034 3332 1124 3376 aut
1159 3327 1426 3375 deserenda
1449 3332 1591 3377 ierroe
1613 3326 1797 3376 Italia.
1862 3326 1997 3375 Vide
2016 3340 2171 3388 supra
2204 3327 2294 3375 iib-
2316 3339 2461 3376 xxn.
2494 3332 2578 3375 52.

371 3398 429 3441 et
451 3390 551 3443 53:
583 3392 640 3441 J.
665 3392 728 3441 F.
767 3392 1072 3442 Granum—'1
1106 3389 1192 3441 ΑΙ.
1232 3392 1641 3441 Centimalum—8
1677 3391 1785 3441 Pro
1820 3390 1971 3441 evasit
2007 3392 2144 3442 Edd.
2181 3399 2305 3442 ante
2345 3392 2576 3441 Gronov.

371 3457 568 3509 hubent
587 3456 763 3521 erupit.

1368 3603 1584 3656 NOTAE

368 3734 614 3799 draginta
636 3742 872 3787 numerat
895 3736 1042 3787 Ptol.
1105 3736 1300 3788 Verum
1331 3738 1430 3788 boc

367 3813 492 3864 beni
515 3814 702 3863 Punici
739 3820 976 3877 tempore
1015 3815 1262 3865 terminon
1293 3816 1431 3865 inter

365 3891 688 3955 angustiores
725 3890 930 3951 inclusi,
962 3890 1200 3953 exiguum
1227 3900 1428 3941 tuntum

361 3966 578 4018 Baetice
603 3974 801 4032 partem
818 3967 1047 4017 tenuisse
1069 3967 1346 4019 videntum
1371 3978 1428 4019 et

361 4042 503 4093 forte
524 4058 637 4093 eam
661 4043 752 4093 nbi
787 4050 904 4108 post
924 4042 1265 4095 Turdulorum
1307 4056 1427 4111 pars

362 4134 546 4169 vernus
576 4128 744 4169 ortum
784 4119 848 4168 nd
878 4118 1230 4171 Oretanorum
1252 4124 1427 4174 Basti·

363 4202 704 4261 unctumque
723 4194 977 4245 confinia:
1015 4210 1078 4244 ne
1098 4196 1310 4249 nimium
1335 4201 1426 4250 ab·

359 4270 556 4322 fuerint
599 4286 632 4321 a
670 4272 921 4335 Sagunto,
951 4271 1036 4321 cui
1067 4271 1260 4323 beilum
1299 4290 1424 4326 con-

357 4345 516 4397 flasse
556 4353 680 4397 ante
733 4345 1129 4411 quadriennium
1170 4348 1427 4403 dicuntur.

251 4420 257 4425 ⁴
360 4424 585 4491 Reliqua
624 4429 685 4474 ut
727 4436 796 4475 ex
831 4422 1184 4488 superioribus
1216 4436 1426 4481 constat

1514 3736 1745 3789 Olcades
1759 3749 1997 3799 maguam
2022 3739 2227 3800 partem
2250 3734 2347 3784 hoe
2371 3740 2573 3799 tempo-

1509 3828 1569 3864 re
1606 3814 1891 3864 tenebunt:
1928 3812 2023 3861 nisi
2057 3812 2187 3861 velis
2218 3810 2302 3859 hic
2330 3824 2424 3872 pro
2444 3812 2575 3861 Tur·

1509 3890 1729 3945 dennis,
1780 3902 1997 3953 quorum
2052 3901 2237 3937 nomen
2292 3886 2413 3937 aiibi
2459 3886 2571 3939 fere

1507 3966 1828 4030 incognitum
1855 3964 2014 4026 Livio,
2037 3963 2136 4025 legi
2162 3964 2421 4024 Hactenus,
2447 3979 2573 4027 quo.

1507 4058 1620 4093 rum
1659 4045 1798 4092 intra
1833 4039 1963 4090 fines
1995 4040 2273 4103 Saguntos.
2341 4039 2573 4090 Olcades

1505 4130 1683 4172 tamen
1703 4134 1819 4169 cum
1856 4117 1983 4168 urbe
2008 4117 2253 4181 Cartheja
2279 4116 2341 4167 ad
2384 4118 2569 4184 imum

1503 4198 1634 4263 Tagi
1672 4204 1871 4261 ponunt
1911 4194 2078 4243 Sanno
2110 4198 2167 4243 et
2200 4194 2449 4259 Brietius,
2480 4194 2570 4261 qui

1504 4274 1752 4343 oppidum
1778 4269 1947 4335 Ocafin
1974 4270 2371 4336 interpretatur.

1570 4352 1602 4381 ⁸
1635 4350 1703 4401 A.
1727 4349 1793 4399 U.
1814 4348 1877 4400 C.
1897 4350 2013 4397 64⁰.
