3300 5225
1023 460 1174 509 mu.
1222 458 1423 509 xxn.
1473 460 1635 511 cu.
1683 446 1790 511 45.
2313 446 2486 515 1849

364 608 481 673 45.
529 606 712 675 Dum
748 606 1301 673 altercationibus
1348 608 1585 691 magis,
1615 628 1818 693 quam
1861 610 2184 689 consiliiS,
2217 618 2488 697 tempus

279 711 549 794 teritum
603 710 944 776 Hannibal
975 730 1063 776 ex
1094 711 1263 791 acie,
1304 731 1504 796 quam
1544 712 1629 777 ad
1675 714 1952 779 multum
1999 713 2134 779 diei
2185 720 2491 781 tenuerat

278 813 695 892 instructam,
726 834 877 881 cum
908 815 977 879 in
1006 822 1234 880 castra
1274 824 1534 881 ceteras
1574 817 1906 901 reciperet
1945 818 2210 901 copias,
2246 817 2312 881 N
2319 818 2491 882 umi-

280 918 407 984 das
437 919 525 984 ad
556 917 969 983 invadendos
996 937 1086 984 ex
1111 920 1481 986 minoribus
1512 920 1752 985 castris
1786 918 2242 985 Romanorum
2277 938 2486 1004 aqua-

280 1028 467 1085 tores
510 1026 693 1086 trans
731 1020 979 1088 fiumen
1029 1020 1251 1087 mittit.
1338 1020 1561 1103 Quam
1594 1022 2008 1089 inconditam
2043 1022 2306 1087 turbam
2332 1042 2490 1089 cum

281 1123 563 1189 vixdum
594 1126 665 1189 in
697 1124 909 1210 ripam
952 1124 1201 1209 egressi
1244 1125 1533 1192 clamore
1571 1146 1656 1191 ac
1700 1126 1992 1191 tumultu
2021 1126 2389 1208 fugassent,
2421 1126 2492 1190 in

280 1225 639 1292 stationem
686 1246 955 1311 quoque
1008 1246 1135 1312 pro
1186 1227 1368 1293 vallo
1419 1229 1718 1295 locatam
1769 1238 1972 1314 atque
2024 1230 2216 1313 ipsas
2275 1247 2490 1313 prope

280 1334 517 1411 portas
564 1330 781 1394 evecti
828 1326 1025 1395 sunt!
1109 1330 1189 1396 Id
1244 1350 1403 1397 vero
1453 1331 1796 1415 iudignum
1837 1334 2080 1409 visum,
2113 1331 2202 1397 ab
2247 1331 2491 1397 tumul-

282 1431 507 1497 tuario
560 1432 819 1497 auxilio
868 1434 1014 1518 jam
1065 1432 1271 1500 etiam
1324 1442 1551 1499 castra
1604 1434 1918 1501 Romana
1964 1436 2234 1499 terreri:
2281 1444 2354 1499 ut
2405 1453 2491 1500 ea

280 1534 487 1599 modo
519 1553 655 1600 una
684 1553 920 1615 causa,
950 1556 1030 1601 ne
1068 1539 1412 1623 extemplo
1443 1540 1796 1603 transirent
1825 1538 2068 1603 flumen
2103 1535 2491 1618 dirigerent·

282 1656 415 1721 que
451 1639 693 1715 aciem,
724 1640 1017 1705 tenuerit
1048 1638 1424 1721 Romanos,
1454 1642 1636 1726 quod
1667 1660 1928 1708 summa
1972 1640 2232 1725 imperii
2265 1660 2346 1704 eo
2377 1638 2490 1705 die

280 1760 493 1825 penes
543 1740 861 1806 Paullum
907 1741 1124 1809 fuerit.
1213 1742 1457 1829 Itaque
1486 1744 1707 1810 Varro
1745 1750 2017 1829 postero
2048 1744 2180 1823 die,
2212 1744 2318 1808 cui
2347 1761 2492 1807 sors

282 1842 431 1929 ejus
458 1842 595 1908 diei
628 1843 887 1928 imperii
914 1852 1077 1926 erat,
1103 1847 1268 1912 nihil
1296 1848 1608 1914 consulto
1643 1847 1922 1930 collega,
1952 1847 2210 1930 signum
2247 1866 2490 1929 pugnoe

280 1948 739 2031 proposuit,²⁸
798 1949 1300 2035 instructasque
1348 1952 1585 2035 copias
1639 1951 1884 2016 flumen
1943 1951 2284 2026 traduxit,³
2307 1958 2330 2003 ἑ
2383 1968 2494 2014 se·

283 2056 530 2133 quente
566 2050 859 2141 Paullo,
894 2052 1055 2136 quia
1096 2054 1311 2138 magis
1354 2074 1489 2118 non
1535 2057 1839 2139 probare,
1891 2073 2092 2137 quam
2141 2071 2270 2116 non
2302 2050 2488 2135 adju-

282 2171 470 2232 vare,
519 2155 875 2220 consilium
919 2163 1207 2239 poterat.
1294 2156 1730 2239 Transgressi
1761 2156 2006 2220 flumen
2040 2174 2159 2219 eas
2190 2174 2490 2240 quoque,

282 2275 461 2339 quas
491 2258 560 2321 in
590 2258 829 2323 castris
854 2259 1215 2324 minoribus
1238 2258 1621 2338 habuerant,
1643 2260 1882 2343 copias
1915 2259 2054 2321 suis
2085 2255 2490 2341 adjungunt:

284 2367 491 2445 atque
536 2362 637 2427 ita
686 2362 1014 2427 instructa
1055 2362 1226 2438 acie,
1256 2360 1322 2424 in
1364 2360 1603 2426 dextro
1636 2380 1840 2426 cornu
1864 2358 1888 2395 '¹
1927 2358 2028 2445 (id
2063 2367 2208 2423 erat
2234 2358 2490 2425 flumini

280 2458 601 2547 propius)
630 2460 981 2529 Romanos
1012 2463 1279 2548 equites
1309 2462 1559 2542 locant,
1593 2462 1832 2529 deinde
1869 2463 2122 2547 pedites
2150 2470 2215 2525 24
2243 2462 2489 2527 loevum

1208 2647 1241 2668 O
1482 2645 1571 2666 ”O

346 2762 381 2808 2
412 2757 501 2810 Al.
518 2759 712 2820 εἰειαπι
740 2761 1102 2824 proposuit-8
1138 2761 1277 2812 Olim
1300 2761 1590 2826 legebatur,
1608 2760 1944 2825 instructique
1964 2757 2306 2824 copiisfiumen
2331 2759 2489 2805 trane·

276 2821 492 2875 inite—4
526 2828 542 2853 ⁸
562 2825 801 2876 Rom
821 2827 1000 2890 equites
1019 2828 1193 2883 locunt,
1217 2827 1391 2876 medios
1418 2829 1615 2890 pedites,
1642 2829 1722 2876 vel
1745 2827 1888 2875 medii
1911 2827 2096 2890 pedites
2119 2839 2191 2873 sc.
2215 2828 2383 2881 erunt,
2407 2817 2491 2867 vel

278 2889 489 2940 medium
508 2893 692 2955 pedites
708 2923 725 2942 .
743 2925 759 2942 .
773 2923 787 2940 .
804 2897 1057 2944 tenuerunt
1080 2893 1333 2958 suspicari
1354 2893 1523 2957 possis
1545 2907 1660 2942 cum
1682 2891 1736 2944 J.
1753 2893 1812 2944 F.
1829 2888 2074 2943 Gronov.'
2109 2888 2313 2951 Rupert.
2367 2882 2491 2933 vid.

1274 3023 1325 3073 N
1330 3021 1496 3074 01*AE

348 3114 371 3151 ¹
396 3117 502 3168 Pro
522 3120 642 3168 vallo
662 3121 865 3170 locatum
884 3126 1026 3185 utque
1052 3119 1180 3186 ἔρια
1196 3134 1344 3185 prope
1428 3130 1533 3170 tum
1556 3135 1623 3170 ex
1646 3103 1894 3171 Auctorl's
1909 3121 2068 3183 ipsiu·
2092 3117 2285 3174 verbis,
2308 3115 2351 3165 si
2375 3129 2489 3166 ree·

274 3197 447 3258 portas
468 3198 622 3246 evecti
642 3198 781 3262 eunt]
818 3197 957 3247 Gall.
986 3197 1057 3248 11³
1086 3199 1344 3248 maerent

263 3270 471 3336 ,imque-9
508 3288 609 3323 aua:
640 3275 1032 3338 corps-de-gurde
1052 3274 1145 3324 mis
1173 3277 1345 3323 devant

277 3347 349 3395 les
369 3349 787 3415 retranchemenn,
808 3356 857 3400 et
882 3365 1080 3414 presque
1096 3350 1295 3415 jusque-r
1314 3354 1346 3400 ὰ

273 3427 330 3475 la
346 3434 487 3490 porte
508 3429 575 3478 du
589 3430 715 3492 petit
735 3443 871 3490 camp
891 3430 974 3478 des
996 3429 1245 3478 Romaim.

350 3511 376 3546 Ι·
407 3503 619 3567 Qum
642 3519 822 3568 pugne
842 3505 1108 3570 proposuit]
1144 3503 1207 3554 Id
1230 3510 1345 3553 erat

274 3579 519 3646 sagulum
552 3582 662 3632 sive
703 3583 881 3632 tunica
909 3583 1151 3632 coccinea
1190 3595 1346 3645 supra

274 3658 427 3710 ducit
453 3659 736 3711 tentorium
760 3674 1009 3726 expansa,
1036 3667 1171 3710 teste
1202 3658 1346 3709 Plut.

270 3735 333 3786 in
362 3735 492 3787 Fab-

348 3821 373 3868 t
410 3814 614 3864 Flamen
647 3813 888 3877 traduxit]
923 3811 1159 3879 Uterque
1198 3825 1346 3864 exer-

271 3889 421 3939 citus
456 3887 666 3942 fluvium
704 3887 931 3954 trajecit,
968 3889 1105 3954 quod
1130 3902 1351 3938 commo-

272 3965 400 4014 dior
423 3973 568 4016 esset
602 3965 709 4015 illic
744 3979 953 4029 campus
987 3965 1056 4016 ud
1087 3967 1349 4016 instruen-

269 4043 404 4092 dam
428 4042 615 4092 aciem.
646 4043 701 4092 J.
727 4043 956 4093 Clericus.

346 4117 375 4153 ¹¹
409 4119 469 4170 In
504 4121 675 4170 dextro
694 4118 865 4183 cornu]
917 4118 1146 4169 Videtur
1170 4117 1346 4168 Lirin·

270 4196 333 4246 in
361 4195 466 4246 dno
503 4203 705 4245 tantum
739 4209 931 4246 cornua
965 4200 1130 4246 totum
1154 4195 1347 4245 Roma-

268 4287 464 4324 norum
500 4273 786 4323 exercitum
810 4272 1057 4322 dividere.
1098 4271 1351 4336 ,Apparet

272 4359 603 4412 tamen,tum
627 4367 689 4400 ex
710 4365 849 4401 more
869 4351 1067 4402 militiae
1088 4352 1350 4411 Romame,

422 4431 594 4498 velpa.
618 4439 663 4483 et
690 4433 805 4483 γαν.
832 4433 961 4483 Clas.

1427 3205 1481 3246 te
1510 3198 1932 3261 interpretemur,
1955 3199 2030 3248 ita
2063 3197 2284 3246 divisum
2308 3193 2488 3251 fuisse.

1427 3281 1485 3323 ut
1521 3283 1716 3338 pra-ter
1737 3289 1946 3332 cornua,
1978 3275 2029 3324 iu
2055 3271 2245 3338 quibus
2283 3268 2488 3334 equites

1426 3351 1690 3415 utrimque
1713 3352 1887 3408 locati,
1923 3351 2058 3401 acies
2081 3349 2252 3400 media
2276 3347 2483 3412 pedites

1424 3426 1662 3490 habetet,
1696 3427 1762 3477 ad
1788 3428 2026 3478 dextram
2057 3424 2266 3491 quidem
2298 3423 2490 3476 Roma·

1426 3519 1519 3553 nos
1560 3505 1889 3568 legionarios,
1935 3502 1998 3554 ad
2059 3505 2318 3553 sinistram
2365 3514 2489 3551 vero

1424 3583 1666 3644 sociales,
1679 3583 1768 3648 qui
1785 3581 2026 3633 dicuntur
2050 3581 2323 3632 interiores
2346 3579 2490 3644 equi-

1428 3655 1568 3707 tibus
1590 3659 1695 3707 suia
1729 3655 1890 3708 fuisse
1923 3658 1974 3708 in
1997 3663 2233 3707 extremo
2265 3656 2395 3706 laevo
2419 3655 2492 3704 lu·

1428 3743 1541 3785 tere
1566 3735 1883 3786 constitutis.
1950 3733 2014 3784 Id
2039 3749 2106 3784 ex
2125 3733 2346 3797 Polybio
2367 3745 2492 3782 con·

1425 3811 1617 3862 firmari
1645 3819 1840 3876 potest,
1860 3813 1946 3876 qui
1969 3818 2110 3862 notat
2134 3810 2344 3860 ordines
2362 3809 2492 3858 den·

1426 3881 1593 3940 aiot-‘er
1615 3888 1777 3940 fuine
1813 3888 1866 3938 ln
1899 3887 2142 3938 subsidiis
2176 3890 2235 3936 et
2255 3893 2494 3936 extrema

1428 3967 1562 4031 acie,
1599 3981 1754 4032 quam
1797 3965 1852 4016 in
1894 3963 2090 4027 fronte,
2123 3961 2490 4025 multiplicatis

1424 4043 1630 4094 scilicet
1687 4045 1742 4093 in
1795 4041 2122 4092 altitudinem
2179 4038 2454 4101 manipulis
2471 4053 2488 4097 3

1425 4120 1560 4170 hanc
1581 4119 1718 4170 enim
1741 4119 1860 4184 ejus
1889 4116 2200 4167 senteutiam
2229 4128 2345 4164 esse
2368 4128 2490 4164 cnm

1426 4196 1718 4262 interprete
1741 4193 1953 4260 Polybii
1975 4201 2031 4244 et
2065 4191 2330 4244 Gronovio
2353 4189 2490 4241 arbi·

1430 4280 1558 4325 tror.

1310 4430 1497 4482 Liuius.
2247 4429 2282 4474 o
2315 4425 2358 4474 F
