3300 5225
913 527 1120 577 usar
1170 524 1311 574 xx.
1352 524 2007 599 surrnsnnu'rupr.
2390 510 2568 578 1627

341 670 420 731 C.
449 668 740 752 Papirius
764 668 840 730 C.
868 670 940 731 F.
972 670 1040 731 L.
1068 670 1159 731 N.
1189 670 1386 742 Maso,
1412 688 1550 730 cum
1591 671 1995 749 magistratum
2040 669 2240 731 inivis-

335 775 515 838 sent:
552 767 888 848 provincias
929 768 1022 829 M.
1048 768 1420 849 Pomponius
1447 766 1808 839 Sardiniam,
1854 766 1929 827 C.
1958 766 2244 847 Papirius

339 864 652 925 Corsicam
675 864 1003 926 obtinuere.
1075 864 1416 946 Utrobique
1441 865 1618 927 cessit
1639 864 1843 935 hostis,
1870 872 1932 923 et
1957 864 2017 922 in
2042 863 2242 944 sylvas

337 970 684 1041 montesque
727 960 942 1022 arduos
972 960 1286 1041 refugiens,
1315 963 1578 1023 locorum
1603 961 1799 1042 potius
1832 980 2013 1041 quam
2038 978 2237 1019 armo-

337 1078 472 1117 rum
505 1058 930 1118 munitionibus
969 1078 1031 1118 se
1055 1066 1282 1118 mtatus
1314 1067 1422 1118 est.
1505 1055 1669 1137 Ergo
1710 1057 1803 1117 M.
1842 1056 2237 1137 Pomponius,

333 1174 478 1215 cum
503 1154 856 1215 laboriosius
877 1174 1000 1214 esse
1023 1154 1255 1215 videret
1278 1154 1542 1215 invenire
1566 1154 1872 1225 barbaros,
1899 1172 2081 1234 quam
2106 1154 2239 1215 vin-

335 1270 498 1321 cere,
523 1270 703 1310 caues
726 1270 968 1329 sagaces
990 1270 1068 1310 ex
1098 1250 1287 1311 Italia
1308 1251 1542 1311 curavit
1563 1249 1965 1321 advehendos,
1990 1270 2238 1331 quorum

335 1346 564 1408 indicio
605 1347 872 1407 homines
907 1366 1068 1406 more
1107 1346 1366 1409 ferarum
1405 1347 1466 1407 in
1498 1345 1799 1407 cubilibus
1828 1347 1951 1407 suis
1990 1346 2241 1407 latentes

333 1441 823 1523 deprehenderet.
923 1441 999 1503 C.
1040 1441 1330 1523 Papirius
1375 1442 1591 1503 Corsos
1639 1444 1867 1522 campis
1914 1442 2115 1523 pulsos
2160 1440 2239 1501 ad

334 1548 622 1599 montana
645 1540 781 1599 loca
803 1548 1040 1599 secutus
1063 1548 1169 1599 est.
1253 1538 1358 1600 Ibi
1387 1538 1558 1599 labor
1581 1539 1789 1617 ingens
1810 1558 1947 1599 cum
1973 1538 2239 1619 periculo

331 1634 488 1695 fuit:
532 1635 820 1715 multique
841 1633 1096 1695 militum
1117 1635 1239 1706 siti,
1259 1644 1367 1695 aut
1381 1636 1579 1696 subito
1595 1636 1981 1696 barbarorum
2000 1636 2235 1694 incursu

331 1732 601 1812 periere:
646 1731 838 1792 donec
877 1732 1133 1791 inventis
1159 1732 1332 1812 aquis
1361 1730 1699 1811 refectoque
1730 1732 1996 1791 exercitu
2041 1730 2236 1801 Corsi,

327 1828 412 1887 de
453 1829 618 1888 exitu
661 1829 748 1887 rei
774 1827 1067 1898 timentes,
1093 1829 1324 1889 consuli
1355 1826 1434 1888 ad
1459 1827 1821 1889 deditionem
1845 1828 2103 1889 hortanti
2128 1847 2233 1908 pa-

325 1934 597 1985 ruerunt.
1327 1933 1335 1942 '

417 2028 490 2081 21
509 2065 526 2081 .
572 2018 734 2080 Dum
775 2020 870 2079 his
906 2021 1082 2080 rebus
1127 2019 1398 2099 gerendis
1443 2022 1767 2081 attinentur
1808 2020 2097 2091 consules,
2132 2039 2234 2080 co-

327 2118 509 2177 mitia
551 2138 658 2198 per
697 2116 1046 2177 dictatorem
1089 2116 1166 2177 ad
1211 2117 1326 2177 boc
1363 2126 1628 2180 creatum
1670 2126 1809 2177 sunt
1850 2117 2073 2176 habita.
2158 2115 2233 2176 C.
2259 2137 2554 2205 FastiCapit.

331 2213 586 2275 Duilius
617 2212 734 2273 fuit
759 2211 850 2273 M.
883 2212 954 2272 F.
986 2211 1078 2273 M.
1108 2211 1199 2273 N.
1229 2214 1282 2273 is
1314 2214 1657 2292 magistrum
1682 2214 1950 2295 equitum
1973 2212 2131 2273 dixit
2157 2212 2232 2273 C.

325 2310 656 2371 Aurelium
677 2308 748 2369 L.
771 2309 843 2369 F.
867 2307 943 2370 O.
971 2307 1062 2370 N.
1085 2309 1348 2371 Cottam.
1408 2308 1698 2371 Censores
1712 2312 1896 2371 etiam
1920 2319 2045 2370 tum
2071 2308 2233 2370 fuere

324 2404 410 2466 T.
447 2406 718 2467 Manlius
755 2404 832 2467 T.
870 2406 944 2466 F.
977 2406 1055 2467 T.
1096 2405 1188 2467 N.
1227 2405 1587 2487 Torquatus,
1627 2407 1713 2474 Q.
1752 2405 2002 2467 Fulvius
2036 2405 2129 2465 M.
2159 2406 2233 2466 F.

327 2502 423 2569 Q.
449 2502 542 2563 N.
571 2502 859 2565 Flaccus:
900 2502 1006 2563 sed
1037 2504 1187 2565 vitio
1221 2502 1366 2564 facti
1402 2500 1777 2564 abdicarunt.
1858 2501 2033 2563 Novi
2058 2504 2236 2563 moris

323 2600 623 2679 originem
666 2599 807 2660 huie
852 2620 1007 2661 auno
1044 2600 1356 2682 scriptores
1401 2600 1721 2680 assignant,
1766 2619 1885 2660 non
1929 2598 2233 2678 indignam

324 2716 472 2777 quae
489 2695 794 2756 referatur.
862 2695 1204 2758 Divortium
1231 2698 1309 2758 ab
1335 2697 1480 2758 urbe
1505 2697 1749 2758 condita
1766 2696 1992 2757 nullam
2018 2695 2231 2758 fuerat.
2276 2714 2560 2767 Fluant-m.

327 2793 583 2854 Primus
618 2792 725 2874 Sp.
754 2792 1054 2854 Carvilius
1077 2793 1262 2873 Ruga
1293 2795 1552 2855 sterilem
1583 2813 1829 2854 uxorem
1867 2792 2109 2866 dimisit,
2126 2793 2229 2871 ju·
2254 2795 2302 2830 ⁰·
2324 2784 2407 2830 ⁴⁸·

324 2889 650 2968 rejurando
690 2909 729 2950 a
763 2890 1102 2950 censoribus
1117 2891 1452 2963 obstrietus,
1481 2900 1500 2927 ‘
1521 2911 1584 2952 se
1609 2889 1929 2950 liberorum
1962 2909 2229 2970 quaeren-
2254 2842 2525 2962 1ss‘3feu‘

321 2985 544 3046 dorum
581 3005 765 3048 causa
801 2988 1112 3066 conjugem
1156 2987 1534 3048 habiturum?
1636 2986 1969 3068 Displicuit
2008 2985 2233 3067 populo
2288 2999 2401 3050 Vel.
2422 2999 2559 3049 Max.

323 3105 450 3144 non
475 3085 663 3164 magis
688 3085 942 3156 novitas,
963 3104 1142 3165 quam
1165 3087 1444 3146 atrocitas
1467 3087 1576 3157 rei,
1595 3084 1758 3166 quod
1784 3083 1861 3144 ad
1888 3092 2232 3165 perpetuam
2256 3078 2320 3114 ¹¹·
2345 3069 2392 3116 ¹·
2414 3070 2463 3116 ⁴·

325 3182 474 3243 vitae
513 3183 856 3243 societatem
885 3185 1132 3262 junctas
1169 3201 1386 3244 uxores
1409 3201 1783 3264 quacumque
1824 3179 1901 3241 de
1926 3200 2105 3240 causa
2139 3200 2229 3240 re·-

321 3277 568 3359 pudiari
612 3297 834 3338 saevum
878 3286 941 3337 et
983 3278 1250 3359 iniquum
1295 3279 1584 3360 putabat:
1637 3287 1701 3338 et
1744 3276 1853 3358 Sp.
1896 3275 2231 3336 Carvilium

321 3395 561 3456 semper
599 3372 880 3455 deinceps
921 3373 1060 3435 odio
1095 3375 1324 3448 habuit,
1367 3393 1707 3456 quanquam
1742 3373 2087 3436 necessitate
2125 3392 2229 3433 co-
2285 3391 2558 3460 Dionynm.

323 3481 523 3544 actus,
560 3470 639 3531 de
683 3472 1008 3532 amicorum
1044 3474 1356 3544 sententia,
1392 3491 1638 3532 uxorem
1676 3475 1830 3533 bene
1872 3469 2227 3532 convenien-
2251 3460 2338 3508 ²⁶·

323 3575 476 3640 tem,
526 3587 873 3649 morumque
923 3568 1113 3648 gratia
1163 3571 1522 3630 carissimam
1571 3567 1893 3628 dimiserat.
2002 3565 2101 3626 Ex
2158 3585 2231 3626 eo
2256 3521 2519 3640 zeh-Gne}

323 3673 598 3746 tempore
623 3665 758 3746 plus
790 3666 850 3724 in
866 3666 1006 3744 jure
1031 3685 1312 3738 nexuum,
1337 3667 1474 3747 plus
1496 3663 1659 3746 apud
1688 3673 1995 3746 praetorem
2034 3663 2227 3724 litium
2256 3651 2382 3769 ¹}ss
2391 3653 2521 3702 ⁶²¹¹·

323 3760 468 3834 fuit,
511 3769 642 3822 tum
683 3761 936 3842 primum
975 3763 1350 3824 cautionibus
1391 3761 1479 3823 rei
1520 3761 1746 3822 uxoriae
1780 3760 2046 3842 repertis,
2080 3781 2227 3842 qua·
2315 3754 2332 3771 '
2387 3753 2402 3769 ‘

324 3877 486 3930 rum,
524 3857 705 3918 nullis
744 3866 920 3918 antea
960 3857 1253 3931 divortiis,
1287 3878 1727 3942 supervacanea
1758 3858 1954 3919 fuerat
1990 3856 2227 3918 callidi-

327 3961 444 4013 tan.

411 4056 516 4110 22.
559 4049 790 4114 Eodem
813 4069 972 4112 anno
996 4050 1120 4111 alia
1141 4071 1380 4135 quoque
1397 4071 1553 4113 nova
1576 4050 1939 4114 consuetudo
1964 4051 2023 4111 in
2044 4051 2227 4110 hono-
2257 4059 2385 4113 Fati
2393 4063 2554 4130 capit.

323 4149 496 4209 ribus
534 4151 950 4230 imperatorum
985 4149 1182 4231 coepit.
1265 4149 1395 4210 Sub
1432 4149 1612 4212 finem
1647 4150 1985 4213 consulatus
2023 4150 2113 4210 sui
2152 4149 2227 4210 C.

327 4243 626 4326 Papirius
670 4244 747 4306 de
774 4244 974 4306 Corsis
1007 4247 1068 4307 in
1095 4255 1292 4307 monte
1320 4245 1568 4310 Albano
1592 4249 2000 4331 triumphavit,
2027 4245 2113 4308 A.
2144 4245 2228 4308 D.

1044 4409 1064 4434 ⁸
1095 4400 1162 4453 A.
1187 4401 1252 4452 U·
1271 4402 1330 4454 C.
1353 4405 1470 4452 521.
1501 4401 1568 4454 A.
1591 4403 1650 4454 C.
1678 4407 1794 4454 2³1.
