3300 5225
762 482 945 556 ³616
1150 507 1217 557 τ.
1266 505 1468 556 mvn
1515 504 1725 554 mam
1778 504 1953 556 xxx.
1998 501 2648 558 surranum-uu.

1093 648 1314 720 omnia,
1339 648 1444 710 sed
1487 649 1669 712 etiam
1711 657 1844 710 tuta
1882 647 2253 717 viderentur3
2303 647 2671 730 repentinum
2708 645 2867 708 unde
2886 647 3006 709 mi-

1095 748 1252 808 nime
1303 746 1620 807 timebatur
1664 745 1885 807 bellum
1936 745 2141 827 paucis
2192 744 2403 806 diebus
2447 753 2511 806 et
2550 753 2771 805 terrore
2812 754 3011 806 motus

1095 843 1356 905 intestini
1385 842 1699 915 solicitam,
1726 852 1789 904 et
1812 841 2201 904 admiratione
2233 842 2521 904 celerrimi
2544 842 2740 904 exitus
2760 851 3009 924 stupen-

763 953 906 1004 παπ.
936 954 972 1006 1.
1007 968 1072 1005 ιι.
1093 950 1218 1002 tem
1250 940 1497 1002 Italiam
1523 941 1755 1002 babuit.
1842 940 2085 1013 Falisci,
2111 941 2309 1002 nescio
2340 941 2555 1020 quibus
2576 939 2770 1000 causis
2793 939 2875 1003 ad
2916 940 3009 1000 in·-

1091 1039 1318 1102 anniam
1371 1038 1609 1112 conciti,
1664 1058 1831 1099 arma
1881 1037 2164 1099 Romana
2214 1057 2533 1119 provocare
2586 1038 3007 1099 sustinuerunt.

799 1145 907 1195 nv.
943 1144 1074 1211 Epfit.
1095 1136 1217 1198 Sed
1263 1136 1421 1198 missi
1471 1157 1609 1197 cum
1663 1135 1991 1216 legionibus
2040 1133 2309 1198 consules
2358 1144 2591 1197 sextum
2637 1135 2794 1196 intra
2841 1133 3004 1196 diern

933 1291 988 1327 Δ.
1057 1311 1071 1326 .
1092 1232 1396 1295 confecere
1443 1233 1690 1306 bellum,
1743 1241 1915 1314 gente
1964 1234 2027 1293 in
2082 1241 2431 1314 potestatem
2482 1232 2690 1315 populi
2736 1231 3006 1294 Romani

766 1341 938 1393 zon-r.
1092 1331 1354 1392 redacta.
1439 1330 1653 1392 Priore
1688 1339 1885 1392 tamen
1914 1328 2138 1412 praelio,
2168 1350 2304 1391 nam
2332 1328 2453 1391 duo
2481 1328 2643 1390 sacta
2667 1328 3005 1404 tradunmr,

1093 1428 1431 1508 ambiguam
1495 1428 1803 1490 victoriam
1862 1425 2080 1499 fecere,
2134 1427 2401 1509 peditatu
2458 1427 2808 1509 superiores,
2867 1447 3006 1488 cnm

1093 1527 1350 1606 equestri
1409 1525 1616 1607 praelio
1666 1525 2055 1586 vincerentur.
2166 1523 2289 1585 Sed
2356 1525 2641 1606 posterius
2702 1533 3005 1586 certamen

1049 1677 1060 1684 .
1093 1623 1331 1683 minime
1371 1622 1558 1684 dubio
1599 1622 1802 1683 Marte
1852 1631 2177 1703 pugnatum
2223 1622 2493 1683 Faliscos
2532 1621 2611 1682 ad
2648 1642 2858 1704 pacem
2900 1643 3006 1704 pe-

1092 1719 1334 1780 tendam
1359 1719 1666 1802 compulit,
1691 1740 1830 1782 cum
1852 1739 1975 1780 suae
1989 1720 2323 1799 juventutis
2346 1720 2426 1780 ad
2448 1719 2641 1780 millia
2664 1718 3005 1800 quindecim

769 1827 1071 1878 Oros-udl-
1093 1817 1441 1878 amisissent.

765 1921 1072 1980 &naxon--
1173 1920 1276 1979 6¹⁷.
1318 1914 1514 1976 ‚Facta
1535 1911 1855 1986 deditione,
1884 1914 2080 1986 armis,
2108 1915 2297 1995 equis,
2320 1913 2709 1996 supellectile,
2730 1913 3005 1988 servitiis,

1093 2019 1156 2071 et
1195 2011 1324 2091 agri
1361 2012 1599 2074 semisse
1641 2009 1909 2072 mulctati
1948 2019 2118 2072 sunt:
2172 2013 2331 2083 urbs,
2372 2013 2545 2092 cujus
2582 2011 3005 2073 munitionibus

1092 2109 1300 2172 confisi
1324 2109 1550 2172 bellum
1573 2117 1875 2191 ceperant,
1904 2129 1985 2170 ex
2009 2109 2195 2170 arduo
2220 2119 2283 2170 et
2306 2120 2602 2192 praerupto
2627 2110 2762 2170 loco
2786 2110 2847 2169 in
2870 2108 3004 2192 pla-

799 2205 912 2257 V¹¹1·
935 2206 1071 2260 Mu.
1093 2227 1234 2269 num
1277 2207 1582 2268 translata.
1665 2205 1945 2267 Severius
1982 2206 2043 2266 in
2084 2206 2317 2268 deditos
2339 2206 2711 2269 consulturus
2750 2205 3007 2291 populus

960 2307 979 2325 ‘
1092 2304 1406 2368 Βοωαιωε
1444 2303 1664 2375 fuerat,
1706 2303 1845 2364 odio
1883 2303 2162 2376 civitatis,
2203 2323 2339 2386 quae
2372 2305 2551 2366 toties
2584 2303 3003 2377 rebellaverat,

1091 2422 1284 2464 acrem
1324 2400 1649 2463 vindictam
1692 2400 2017 2464 meditans:
2058 2401 2164 2462 sed
2206 2402 2517 2483 imperavit
2540 2403 2665 2473 irae,
2692 2401 2941 2464 edoctus
2965 2423 3005 2465 a

1090 2499 1342 2582 Papirio
1367 2499 1504 2580 (qui
1529 2501 1701 2578 jussu
1740 2497 2047 2560 consulum
2082 2519 2193 2560 sua
2230 2519 2407 2560 manu
2433 2497 2753 2586 deditionis
2779 2497 3003 2561 formu-

1089 2595 1212 2659 lam
1247 2597 1584 2681 scripserat)
1614 2604 1632 2633 ‘
1656 2594 1919 2657 Faliscos
1960 2616 2079 2658 non
2114 2597 2415 2678 potestati,
2433 2595 2544 2658 'sed
2580 2594 2719 2659 fidei
2758 2616 2823 2657 se
2866 2595 3004 2660 Ro-

1091 2714 1396 2757 manorum
1421 2695 1777 2757 commisisse
1794 2712 1811 2754 z
1827 2694 1845 2722 '
1886 2701 2235 2776 tanmmque
2261 2693 2421 2776 apud
2443 2714 2647 2755 omnes
2668 2714 3007 2758 sacrosanc-

1088 2800 1218 2855 tum
1265 2790 1438 2852 Fidei
1475 2812 1689 2853 nornen
1723 2790 1935 2862 valuit,
1964 2800 2031 2852 ut
2054 2800 2073 2827 ‘
2102 2790 2219 2854 boe
2256 2792 2596 2873 interposito
2630 2792 2777 2853 nibil
2816 2792 3005 2855 incle-

1089 2889 1342 2951 mentius
1365 2889 1425 2951 in
1449 2890 1638 2951 victos
1662 2888 2035 2949 statuendum
2056 2890 2213 2950 esse'
2227 2888 2589 2969 judicarent.
2670 2888 2751 2950 Id
2774 2889 3005 2953 bellurn

766 2994 1071 3063 ruticaplt.
1091 2986 1291 3049 effecit
1319 2995 1388 3047 ut
1419 2986 1729 3068 triumphis
1751 2985 2059 3047 consulum
2086 3006 2275 3049 annus
2300 2988 2409 3049 iste
2432 2986 2829 3055 clauderetur.
2914 2988 3003 3058 Q.

1094 3083 1366 3145 lautius
1389 3082 1480 3145 A.
1500 3084 1584 3145 D.
1607 3082 1917 3145 Kalendas
1939 3083 2193 3145 Martias
2215 3083 2291 3145 de
2314 3083 2563 3147 Faliscis
2580 3086 3005 3169 triumphavit:

1094 3182 1186 3245 A.
1219 3179 1303 3243 D.
1333 3196 1428 3245 iv.
1459 3179 1681 3245 Nonas
1708 3180 1965 3244 Martias
1990 3180 2067 3245 de
2096 3181 2303 3245 iisdem
2331 3182 2419 3245 A.
2448 3182 2739 3248 Manlius.
