<?xml version="1.0" encoding="UTF-8"?>
<!DOCTYPE html PUBLIC "-//W3C//DTD XHTML 1.0 Transitional//EN"
    "http://www.w3.org/TR/xhtml1/DTD/xhtml1-transitional.dtd">
<html xmlns="http://www.w3.org/1999/xhtml" xml:lang="en" lang="en">
 <head>
  <title>
</title>
<meta http-equiv="Content-Type" content="text/html;charset=utf-8" />
  <meta name='ocr-system' content='tesseract 3.04.00' />
  <meta name='ocr-capabilities' content='ocr_page ocr_carea ocr_par ocr_line ocrx_word'/>
</head>
<body>
  <div class='ocr_page' id='page_1' title='image "./tliviipatavinih19unkngoog_0135.png"; bbox 0 0 3300 5225; ppageno 0'>
   <div class='ocr_carea' id='block_1_1' title="bbox 792 534 2041 605">
    <p class='ocr_par' dir='ltr' id='par_1_1' title="bbox 792 534 2041 605">
     <span class='ocr_line' id='line_1_1' title="bbox 792 534 2041 605; baseline 0.002 -3"><span class='ocrx_word' id='word_1_1' title='bbox 792 534 967 603; x_wconf 79' lang='lat'>1708</span> <span class='ocrx_word' id='word_1_2' title='bbox 1736 556 1802 605; x_wconf 72' lang='lat' dir='ltr'><strong>r.</strong></span> <span class='ocrx_word' id='word_1_3' title='bbox 1853 556 2041 604; x_wconf 78' lang='lat' dir='ltr'><strong>mvn</strong></span> 
     </span>
    </p>
   </div>
   <div class='ocr_carea' id='block_1_2' title="bbox 781 698 3002 2227">
    <p class='ocr_par' dir='ltr' id='par_1_2' title="bbox 781 698 3002 2227">
     <span class='ocr_line' id='line_1_2' title="bbox 790 698 2987 791; baseline 0.002 -30"><span class='ocrx_word' id='word_1_4' title='bbox 790 698 1077 777; x_wconf 86' lang='lat' dir='ltr'><strong>nomine,</strong></span> <span class='ocrx_word' id='word_1_5' title='bbox 1106 699 1363 765; x_wconf 85' lang='lat' dir='ltr'><strong>minore</strong></span> <span class='ocrx_word' id='word_1_6' title='bbox 1389 699 1483 791; x_wconf 77' lang='lat' dir='ltr'><strong>ab</strong></span> <span class='ocrx_word' id='word_1_7' title='bbox 1506 698 1710 766; x_wconf 78' lang='lat' dir='ltr'><strong>fratre</strong></span> <span class='ocrx_word' id='word_1_8' title='bbox 1735 706 1803 766; x_wconf 87' lang='lat' dir='ltr'><strong>et</strong></span> <span class='ocrx_word' id='word_1_9' title='bbox 1827 706 2011 766; x_wconf 81' lang='lat' dir='ltr'><strong>coetu</strong></span> <span class='ocrx_word' id='word_1_10' title='bbox 2031 699 2404 783; x_wconf 87' lang='lat' dir='ltr'><strong>juniorum,</strong></span> <span class='ocrx_word' id='word_1_11' title='bbox 2433 700 2548 785; x_wconf 83' lang='lat' dir='ltr'><strong>qui</strong></span> <span class='ocrx_word' id='word_1_12' title='bbox 2559 700 2716 786; x_wconf 86' lang='lat' dir='ltr'><strong>jure</strong></span> <span class='ocrx_word' id='word_1_13' title='bbox 2737 700 2987 779; x_wconf 82' lang='lat' dir='ltr'><strong>minus,</strong></span> 
     </span>
     <span class='ocr_line' id='line_1_3' title="bbox 791 800 2988 889; baseline 0.001 -24"><span class='ocrx_word' id='word_1_14' title='bbox 791 801 863 865; x_wconf 79' lang='lat' dir='ltr'><strong>vi</strong></span> <span class='ocrx_word' id='word_1_15' title='bbox 890 800 1049 885; x_wconf 88' lang='lat' dir='ltr'><strong>plus</strong></span> <span class='ocrx_word' id='word_1_16' title='bbox 1079 802 1470 886; x_wconf 83' lang='lat' dir='ltr'><strong>poteraut,¹⁸</strong></span> <span class='ocrx_word' id='word_1_17' title='bbox 1498 802 1886 886; x_wconf 77' lang='lat' dir='ltr'><strong>pellebatur.</strong></span> <span class='ocrx_word' id='word_1_18' title='bbox 1975 802 2209 886; x_wconf 89' lang='lat' dir='ltr'><strong>Hujus</strong></span> <span class='ocrx_word' id='word_1_19' title='bbox 2237 803 2591 869; x_wconf 79' lang='lat' dir='ltr'><strong>seditionis</strong></span> <span class='ocrx_word' id='word_1_20' title='bbox 2620 822 2988 889; x_wconf 85' lang='lat' dir='ltr'><strong>peroppor-</strong></span> 
     </span>
     <span class='ocr_line' id='line_1_4' title="bbox 794 904 2996 990; baseline 0.001 -22"><span class='ocrx_word' id='word_1_21' title='bbox 794 912 959 969; x_wconf 83' lang='lat' dir='ltr'><strong>tuna</strong></span> <span class='ocrx_word' id='word_1_22' title='bbox 984 904 1385 990; x_wconf 75' lang='lat' dir='ltr'><strong>disceptatio</strong></span> <span class='ocrx_word' id='word_1_23' title='bbox 1412 926 1567 971; x_wconf 89' lang='lat' dir='ltr'><strong>cum</strong></span> <span class='ocrx_word' id='word_1_24' title='bbox 1596 905 1685 971; x_wconf 94' lang='lat' dir='ltr'><strong>ad</strong></span> <span class='ocrx_word' id='word_1_25' title='bbox 1720 904 2176 971; x_wconf 87' lang='lat' dir='ltr'><strong>Hannibalern</strong></span> <span class='ocrx_word' id='word_1_26' title='bbox 2205 906 2455 990; x_wconf 86' lang='lat' dir='ltr'><strong>rejecta</strong></span> <span class='ocrx_word' id='word_1_27' title='bbox 2489 914 2694 986; x_wconf 86' lang='lat' dir='ltr'><strong>esset,</strong></span> <span class='ocrx_word' id='word_1_28' title='bbox 2741 907 2996 973; x_wconf 78' lang='lat' dir='ltr'><strong>arbiter</strong></span> 
     </span>
     <span class='ocr_line' id='line_1_5' title="bbox 792 1007 2994 1094; baseline 0.001 -23"><span class='ocrx_word' id='word_1_29' title='bbox 792 1007 979 1089; x_wconf 85' lang='lat' dir='ltr'><strong>regni</strong></span> <span class='ocrx_word' id='word_1_30' title='bbox 1032 1008 1275 1089; x_wconf 78' lang='lat' dir='ltr'><strong>factus,</strong></span> <span class='ocrx_word' id='word_1_31' title='bbox 1352 1009 1537 1094; x_wconf 91' lang='lat' dir='ltr'><strong>quod</strong></span> <span class='ocrx_word' id='word_1_32' title='bbox 1605 1030 1691 1075; x_wconf 92' lang='lat' dir='ltr'><strong>ea</strong></span> <span class='ocrx_word' id='word_1_33' title='bbox 1752 1016 2025 1075; x_wconf 80' lang='lat' dir='ltr'><strong>senatus</strong></span> <span class='ocrx_word' id='word_1_34' title='bbox 2095 1010 2610 1094; x_wconf 80' lang='lat' dir='ltr'><strong>principumque</strong></span> <span class='ocrx_word' id='word_1_35' title='bbox 2670 1009 2994 1073; x_wconf 80' lang='lat' dir='ltr'><strong>sententia</strong></span> 
     </span>
     <span class='ocr_line' id='line_1_6' title="bbox 788 1108 2991 1197; baseline 0.001 -24"><span class='ocrx_word' id='word_1_36' title='bbox 788 1108 1095 1188; x_wconf 82' lang='lat' dir='ltr'><strong>fuerat,¹⁹</strong></span> <span class='ocrx_word' id='word_1_37' title='bbox 1133 1112 1487 1197; x_wconf 87' lang='lat' dir='ltr'><strong>imperium</strong></span> <span class='ocrx_word' id='word_1_38' title='bbox 1516 1112 1757 1197; x_wconf 82' lang='lat' dir='ltr'><strong>majori</strong></span> <span class='ocrx_word' id='word_1_39' title='bbox 1804 1112 2114 1178; x_wconf 85' lang='lat' dir='ltr'><strong>restituit.</strong></span> <span class='ocrx_word' id='word_1_40' title='bbox 2201 1110 2312 1178; x_wconf 90' lang='lat' dir='ltr'><strong>Ob</strong></span> <span class='ocrx_word' id='word_1_41' title='bbox 2357 1112 2424 1177; x_wconf 92' lang='lat' dir='ltr'><strong>id</strong></span> <span class='ocrx_word' id='word_1_42' title='bbox 2469 1114 2772 1177; x_wconf 88' lang='lat' dir='ltr'><strong>meritum</strong></span> <span class='ocrx_word' id='word_1_43' title='bbox 2811 1130 2991 1175; x_wconf 89' lang='lat' dir='ltr'><strong>com-</strong></span> 
     </span>
     <span class='ocr_line' id='line_1_7' title="bbox 790 1211 2994 1300; baseline 0 -25"><span class='ocrx_word' id='word_1_44' title='bbox 790 1220 1025 1277; x_wconf 85' lang='lat' dir='ltr'><strong>meatu</strong></span> <span class='ocrx_word' id='word_1_45' title='bbox 1056 1216 1389 1300; x_wconf 81' lang='lat' dir='ltr'><strong>copiaque</strong></span> <span class='ocrx_word' id='word_1_46' title='bbox 1432 1234 1649 1281; x_wconf 84' lang='lat' dir='ltr'><strong>rerum</strong></span> <span class='ocrx_word' id='word_1_47' title='bbox 1695 1214 2014 1295; x_wconf 90' lang='lat' dir='ltr'><strong>omnium,</strong></span> <span class='ocrx_word' id='word_1_48' title='bbox 2065 1217 2358 1281; x_wconf 82' lang='lat' dir='ltr'><strong>maxime</strong></span> <span class='ocrx_word' id='word_1_49' title='bbox 2389 1216 2686 1294; x_wconf 80' lang='lat' dir='ltr'><strong>vestiS,²⁰</strong></span> <span class='ocrx_word' id='word_1_50' title='bbox 2735 1221 2845 1279; x_wconf 85' lang='lat' dir='ltr'><strong>est</strong></span> <span class='ocrx_word' id='word_1_51' title='bbox 2873 1211 2994 1277; x_wconf 86' lang='lat' dir='ltr'><strong>ad·-</strong></span> 
     </span>
     <span class='ocr_line' id='line_1_8' title="bbox 781 1313 2992 1405; baseline 0.001 -27"><span class='ocrx_word' id='word_1_52' title='bbox 781 1313 1004 1399; x_wconf 80' lang='lat' dir='ltr'><strong>jutus,</strong></span> <span class='ocrx_word' id='word_1_53' title='bbox 1047 1336 1249 1401; x_wconf 85' lang='lat' dir='ltr'><strong>quam</strong></span> <span class='ocrx_word' id='word_1_54' title='bbox 1295 1318 1621 1385; x_wconf 74' lang='lat' dir='ltr'><strong>infames‘</strong></span> <span class='ocrx_word' id='word_1_55' title='bbox 1665 1318 2024 1402; x_wconf 81' lang='lat' dir='ltr'><strong>frigoribus</strong></span> <span class='ocrx_word' id='word_1_56' title='bbox 2065 1316 2285 1405; x_wconf 76' lang='lat' dir='ltr'><strong>Alpes</strong></span> <span class='ocrx_word' id='word_1_57' title='bbox 2337 1318 2704 1402; x_wconf 75' lang='lat' dir='ltr'><strong>praeparari</strong></span> <span class='ocrx_word' id='word_1_58' title='bbox 2731 1326 2751 1357; x_wconf 85' lang='lat'><strong>¹</strong></span> <span class='ocrx_word' id='word_1_59' title='bbox 2793 1332 2992 1400; x_wconf 85' lang='lat' dir='ltr'><strong>coge-</strong></span> 
     </span>
     <span class='ocr_line' id='line_1_9' title="bbox 791 1417 2993 1505; baseline 0.001 -24"><span class='ocrx_word' id='word_1_60' title='bbox 791 1417 976 1483; x_wconf 86' lang='lat' dir='ltr'><strong>bant.</strong></span> <span class='ocrx_word' id='word_1_61' title='bbox 1018 1417 1335 1485; x_wconf 68' lang='lat' dir='ltr'><strong>‘sedatis</strong></span> <span class='ocrx_word' id='word_1_62' title='bbox 1364 1422 1850 1487; x_wconf 79' lang='lat' dir='ltr'><strong>certaminibus</strong></span> <span class='ocrx_word' id='word_1_63' title='bbox 1879 1421 2386 1505; x_wconf 75' lang='lat' dir='ltr'><strong>A.llob1·ogum,¹¹²</strong></span> <span class='ocrx_word' id='word_1_64' title='bbox 2416 1441 2568 1487; x_wconf 90' lang='lat' dir='ltr'><strong>cum</strong></span> <span class='ocrx_word' id='word_1_65' title='bbox 2589 1421 2736 1505; x_wconf 84' lang='lat' dir='ltr'><strong>jam</strong></span> <span class='ocrx_word' id='word_1_66' title='bbox 2776 1419 2993 1503; x_wconf 83' lang='lat' dir='ltr'><strong>Alpes</strong></span> 
     </span>
     <span class='ocr_line' id='line_1_10' title="bbox 791 1522 2994 1608; baseline 0 -23"><span class='ocrx_word' id='word_1_67' title='bbox 791 1525 1074 1603; x_wconf 83' lang='lat' dir='ltr'><strong>peteret,</strong></span> <span class='ocrx_word' id='word_1_68' title='bbox 1124 1541 1263 1588; x_wconf 92' lang='lat' dir='ltr'><strong>non</strong></span> <span class='ocrx_word' id='word_1_69' title='bbox 1301 1532 1491 1591; x_wconf 81' lang='lat' dir='ltr'><strong>recta</strong></span> <span class='ocrx_word' id='word_1_70' title='bbox 1539 1526 1810 1608; x_wconf 87' lang='lat' dir='ltr'><strong>regione</strong></span> <span class='ocrx_word' id='word_1_71' title='bbox 1831 1532 1862 1561; x_wconf 83' lang='lat'><strong>¹¹</strong></span> <span class='ocrx_word' id='word_1_72' title='bbox 1909 1526 2036 1591; x_wconf 88' lang='lat' dir='ltr'><strong>iter</strong></span> <span class='ocrx_word' id='word_1_73' title='bbox 2066 1525 2375 1603; x_wconf 86' lang='lat' dir='ltr'><strong>instituit,</strong></span> <span class='ocrx_word' id='word_1_74' title='bbox 2407 1524 2530 1589; x_wconf 83' lang='lat' dir='ltr'><strong>sed</strong></span> <span class='ocrx_word' id='word_1_75' title='bbox 2573 1522 2660 1589; x_wconf 80' lang='lat' dir='ltr'><strong>ad</strong></span> <span class='ocrx_word' id='word_1_76' title='bbox 2691 1524 2942 1588; x_wconf 79' lang='lat' dir='ltr'><strong>laevam</strong></span> <span class='ocrx_word' id='word_1_77' title='bbox 2967 1528 2994 1557; x_wconf 85' lang='lat'>²</span> 
     </span>
     <span class='ocr_line' id='line_1_11' title="bbox 794 1622 2996 1711; baseline 0 -22"><span class='ocrx_word' id='word_1_78' title='bbox 794 1624 869 1689; x_wconf 87' lang='lat' dir='ltr'><strong>in</strong></span> <span class='ocrx_word' id='word_1_79' title='bbox 916 1622 1331 1693; x_wconf 80' lang='lat' dir='ltr'><strong>Tricastinos</strong></span> <span class='ocrx_word' id='word_1_80' title='bbox 1352 1634 1379 1663; x_wconf 86' lang='lat'>⁰</span> <span class='ocrx_word' id='word_1_81' title='bbox 1428 1628 1662 1693; x_wconf 83' lang='lat' dir='ltr'><strong>flexit:</strong></span> <span class='ocrx_word' id='word_1_82' title='bbox 1707 1628 1862 1693; x_wconf 93' lang='lat' dir='ltr'><strong>inde</strong></span> <span class='ocrx_word' id='word_1_83' title='bbox 1911 1646 2030 1711; x_wconf 86' lang='lat' dir='ltr'><strong>per</strong></span> <span class='ocrx_word' id='word_1_84' title='bbox 2079 1634 2442 1693; x_wconf 83' lang='lat' dir='ltr'><strong>extremam</strong></span> <span class='ocrx_word' id='word_1_85' title='bbox 2487 1646 2672 1691; x_wconf 83' lang='lat' dir='ltr'><strong>oram</strong></span> <span class='ocrx_word' id='word_1_86' title='bbox 2719 1624 2996 1691; x_wconf 89' lang='lat' dir='ltr'><strong>Vocon·</strong></span> 
     </span>
     <span class='ocr_line' id='line_1_12' title="bbox 793 1725 3000 1814; baseline 0.002 -25"><span class='ocrx_word' id='word_1_87' title='bbox 793 1725 1037 1791; x_wconf 87' lang='lat' dir='ltr'><strong>tiorum</strong></span> <span class='ocrx_word' id='word_1_88' title='bbox 1059 1736 1089 1777; x_wconf 77' lang='grc' dir='ltr'>Ρ</span> <span class='ocrx_word' id='word_1_89' title='bbox 1118 1728 1255 1813; x_wconf 86' lang='lat' dir='ltr'><strong>agri</strong></span> <span class='ocrx_word' id='word_1_90' title='bbox 1290 1730 1568 1795; x_wconf 88' lang='lat' dir='ltr'><strong>tetendit</strong></span> <span class='ocrx_word' id='word_1_91' title='bbox 1593 1730 1666 1795; x_wconf 92' lang='lat' dir='ltr'><strong>in</strong></span> <span class='ocrx_word' id='word_1_92' title='bbox 1695 1730 2034 1796; x_wconf 84' lang='lat' dir='ltr'><strong>Tricorios</strong></span> <span class='ocrx_word' id='word_1_93' title='bbox 2059 1738 2119 1795; x_wconf 77' lang='lat'><strong>:¹¹</strong></span> <span class='ocrx_word' id='word_1_94' title='bbox 2150 1728 2325 1795; x_wconf 85' lang='lat' dir='ltr'><strong>baud</strong></span> <span class='ocrx_word' id='word_1_95' title='bbox 2351 1748 2640 1814; x_wconf 86' lang='lat' dir='ltr'><strong>usquam</strong></span> <span class='ocrx_word' id='word_1_96' title='bbox 2670 1727 3000 1812; x_wconf 79' lang='lat' dir='ltr'><strong>impedita</strong></span> 
     </span>
     <span class='ocr_line' id='line_1_13' title="bbox 792 1828 3001 1915; baseline 0.001 -23"><span class='ocrx_word' id='word_1_97' title='bbox 792 1828 931 1906; x_wconf 79' lang='lat' dir='ltr'><strong>via,</strong></span> <span class='ocrx_word' id='word_1_98' title='bbox 955 1830 1345 1915; x_wconf 85' lang='lat' dir='ltr'><strong>priusquam</strong></span> <span class='ocrx_word' id='word_1_99' title='bbox 1377 1832 1464 1897; x_wconf 81' lang='lat' dir='ltr'><strong>ad</strong></span> <span class='ocrx_word' id='word_1_100' title='bbox 1500 1832 1900 1899; x_wconf 87' lang='lat' dir='ltr'><strong>Druentiam</strong></span> <span class='ocrx_word' id='word_1_101' title='bbox 1925 1842 1946 1871; x_wconf 78' lang='lat'>¹</span> <span class='ocrx_word' id='word_1_102' title='bbox 1975 1833 2220 1898; x_wconf 83' lang='lat' dir='ltr'><strong>flumen</strong></span> <span class='ocrx_word' id='word_1_103' title='bbox 2251 1832 2570 1915; x_wconf 85' lang='lat' dir='ltr'><strong>pervenit.</strong></span> <span class='ocrx_word' id='word_1_104' title='bbox 2649 1829 2721 1895; x_wconf 87' lang='lat' dir='ltr'><strong>Is</strong></span> <span class='ocrx_word' id='word_1_105' title='bbox 2750 1837 2820 1895; x_wconf 88' lang='lat' dir='ltr'><strong>et</strong></span> <span class='ocrx_word' id='word_1_106' title='bbox 2847 1830 3001 1914; x_wconf 86' lang='lat' dir='ltr'><strong>ipse</strong></span> 
     </span>
     <span class='ocr_line' id='line_1_14' title="bbox 793 1928 3001 2018; baseline 0 -23"><span class='ocrx_word' id='word_1_107' title='bbox 793 1928 1090 2015; x_wconf 87' lang='lat' dir='ltr'><strong>Alpinus</strong></span> <span class='ocrx_word' id='word_1_108' title='bbox 1120 1934 1334 1998; x_wconf 86' lang='lat' dir='ltr'><strong>amnis</strong></span> <span class='ocrx_word' id='word_1_109' title='bbox 1362 1934 1559 2018; x_wconf 91' lang='lat' dir='ltr'><strong>longe</strong></span> <span class='ocrx_word' id='word_1_110' title='bbox 1588 1936 1881 2001; x_wconf 89' lang='lat' dir='ltr'><strong>omnium</strong></span> <span class='ocrx_word' id='word_1_111' title='bbox 1906 1934 2155 2002; x_wconf 81' lang='lat' dir='ltr'><strong>Gauiae</strong></span> <span class='ocrx_word' id='word_1_112' title='bbox 2185 1935 2528 2000; x_wconf 84' lang='lat' dir='ltr'><strong>fluminum</strong></span> <span class='ocrx_word' id='word_1_113' title='bbox 2560 1932 3001 1999; x_wconf 87' lang='lat' dir='ltr'><strong>difficillimus</strong></span> 
     </span>
     <span class='ocr_line' id='line_1_15' title="bbox 794 2034 3002 2125; baseline 0 -27"><span class='ocrx_word' id='word_1_114' title='bbox 794 2034 1077 2102; x_wconf 83' lang='lat' dir='ltr'><strong>transitu</strong></span> <span class='ocrx_word' id='word_1_115' title='bbox 1122 2044 1247 2105; x_wconf 84' lang='lat' dir='ltr'><strong>est.</strong></span> <span class='ocrx_word' id='word_1_116' title='bbox 1352 2037 1536 2103; x_wconf 82' lang='lat' dir='ltr'><strong>Nam</strong></span> <span class='ocrx_word' id='word_1_117' title='bbox 1582 2058 1742 2105; x_wconf 88' lang='lat' dir='ltr'><strong>cum</strong></span> <span class='ocrx_word' id='word_1_118' title='bbox 1771 2059 1974 2125; x_wconf 79' lang='lat' dir='ltr'><strong>aquoe</strong></span> <span class='ocrx_word' id='word_1_119' title='bbox 2020 2042 2154 2105; x_wconf 86' lang='lat' dir='ltr'><strong>vim</strong></span> <span class='ocrx_word' id='word_1_120' title='bbox 2207 2038 2409 2103; x_wconf 86' lang='lat' dir='ltr'><strong>vehat</strong></span> <span class='ocrx_word' id='word_1_121' title='bbox 2456 2039 2816 2120; x_wconf 84' lang='lat' dir='ltr'><strong>ingentem,</strong></span> <span class='ocrx_word' id='word_1_122' title='bbox 2863 2053 3002 2099; x_wconf 83' lang='lat' dir='ltr'><strong>non</strong></span> 
     </span>
     <span class='ocr_line' id='line_1_16' title="bbox 794 2136 3001 2227; baseline 0 -26"><span class='ocrx_word' id='word_1_123' title='bbox 794 2141 1021 2202; x_wconf 82' lang='lat' dir='ltr'><strong>tamen</strong></span> <span class='ocrx_word' id='word_1_124' title='bbox 1051 2140 1324 2206; x_wconf 78' lang='lat' dir='ltr'><strong>navium</strong></span> <span class='ocrx_word' id='word_1_125' title='bbox 1352 2142 1616 2226; x_wconf 88' lang='lat' dir='ltr'><strong>patiens</strong></span> <span class='ocrx_word' id='word_1_126' title='bbox 1644 2147 1781 2208; x_wconf 87' lang='lat' dir='ltr'><strong>est:</strong></span> <span class='ocrx_word' id='word_1_127' title='bbox 1823 2141 1992 2227; x_wconf 82' lang='lat' dir='ltr'><strong>qnia</strong></span> <span class='ocrx_word' id='word_1_128' title='bbox 2031 2142 2230 2208; x_wconf 88' lang='lat' dir='ltr'><strong>nullis</strong></span> <span class='ocrx_word' id='word_1_129' title='bbox 2257 2138 2592 2207; x_wconf 70' lang='lat' dir='ltr'><strong>coercitus</strong></span> <span class='ocrx_word' id='word_1_130' title='bbox 2621 2138 2818 2223; x_wconf 85' lang='lat' dir='ltr'><strong>ripis,</strong></span> <span class='ocrx_word' id='word_1_131' title='bbox 2847 2136 3001 2224; x_wconf 88' lang='lat' dir='ltr'><strong>plu-</strong></span> 
     </span>
    </p>
   </div>
   <div class='ocr_carea' id='block_1_3' title="bbox 860 2334 1650 2408">
    <p class='ocr_par' dir='ltr' id='par_1_3' title="bbox 860 2334 1650 2408">
     <span class='ocr_line' id='line_1_17' title="bbox 860 2334 1650 2408; baseline 0.006 -22"><span class='ocrx_word' id='word_1_132' title='bbox 860 2344 889 2369; x_wconf 74' lang='lat'>⁸</span> <span class='ocrx_word' id='word_1_133' title='bbox 922 2334 1155 2390; x_wconf 71' lang='lat' dir='ltr'><strong>Fmoe.</strong></span> <span class='ocrx_word' id='word_1_134' title='bbox 1197 2338 1340 2391; x_wconf 79' lang='lat' dir='ltr'><strong>Gall.</strong></span> <span class='ocrx_word' id='word_1_135' title='bbox 1362 2338 1650 2408; x_wconf 58' lang='grc' dir='ltr'><strong>Μαικία.</strong></span> 
     </span>
    </p>
   </div>
   <div class='ocr_carea' id='block_1_4' title="bbox 1730 2451 2098 2475">
    <p class='ocr_par' dir='ltr' id='par_1_4' title="bbox 1730 2451 2098 2475">
     <span class='ocr_line' id='line_1_18' title="bbox 1730 2451 2098 2475; baseline -0.008 0"><span class='ocrx_word' id='word_1_136' title='bbox 1730 2451 2098 2475; x_wconf 62' lang='lat' dir='ltr'><strong>mm</strong></span> 
     </span>
    </p>
   </div>
   <div class='ocr_carea' id='block_1_5' title="bbox 796 2562 3008 2896">
    <p class='ocr_par' dir='ltr' id='par_1_5' title="bbox 796 2562 3008 2896">
     <span class='ocr_line' id='line_1_19' title="bbox 798 2562 3008 2634; baseline 0.002 -18"><span class='ocrx_word' id='word_1_137' title='bbox 798 2562 959 2616; x_wconf 62' lang='lat' dir='ltr'><strong>dnm!</strong></span> <span class='ocrx_word' id='word_1_138' title='bbox 996 2565 1199 2631; x_wconf 68' lang='lat' dir='ltr'><strong>Rupert-</strong></span> <span class='ocrx_word' id='word_1_139' title='bbox 1200 2571 1331 2619; x_wconf 81' lang='lat'><strong>—18</strong></span> <span class='ocrx_word' id='word_1_140' title='bbox 1364 2568 1565 2621; x_wconf 72' lang='lat' dir='ltr'><strong>Poterat</strong></span> <span class='ocrx_word' id='word_1_141' title='bbox 1588 2570 1641 2621; x_wconf 89' lang='lat' dir='ltr'><strong>ln</strong></span> <span class='ocrx_word' id='word_1_142' title='bbox 1663 2570 1897 2622; x_wconf 81' lang='lat' dir='ltr'><strong>omnibns</strong></span> <span class='ocrx_word' id='word_1_143' title='bbox 1917 2570 2028 2622; x_wconf 83' lang='lat' dir='ltr'><strong>fere</strong></span> <span class='ocrx_word' id='word_1_144' title='bbox 2050 2570 2181 2622; x_wconf 66' lang='grc' dir='ltr'><strong>Μαι.</strong></span> <span class='ocrx_word' id='word_1_145' title='bbox 2205 2570 2543 2634; x_wconf 84' lang='lat' dir='ltr'><strong>omnibusque</strong></span> <span class='ocrx_word' id='word_1_146' title='bbox 2563 2564 2684 2619; x_wconf 86' lang='lat' dir='ltr'><strong>edd.</strong></span> <span class='ocrx_word' id='word_1_147' title='bbox 2697 2573 2822 2618; x_wconf 80' lang='lat' dir='ltr'><strong>aute</strong></span> <span class='ocrx_word' id='word_1_148' title='bbox 2835 2564 3008 2620; x_wconf 76' lang='lat' dir='ltr'><strong>Drsk.</strong></span> 
     </span>
     <span class='ocr_line' id='line_1_20' title="bbox 800 2631 3005 2698; baseline 0.001 -17"><span class='ocrx_word' id='word_1_149' title='bbox 800 2632 951 2696; x_wconf 81' lang='lat' dir='ltr'><strong>prob.</strong></span> <span class='ocrx_word' id='word_1_150' title='bbox 971 2631 1171 2682; x_wconf 83' lang='lat' dir='ltr'><strong>Stroth.</strong></span> <span class='ocrx_word' id='word_1_151' title='bbox 1188 2640 1245 2684; x_wconf 86' lang='lat' dir='ltr'><strong>ut</strong></span> <span class='ocrx_word' id='word_1_152' title='bbox 1262 2633 1327 2684; x_wconf 80' lang='lat' dir='ltr'><strong>sd</strong></span> <span class='ocrx_word' id='word_1_153' title='bbox 1345 2637 1591 2686; x_wconf 80' lang='lat' dir='ltr'><strong>remotius</strong></span> <span class='ocrx_word' id='word_1_154' title='bbox 1598 2637 1768 2697; x_wconf 75' lang='lat' dir='ltr'><strong>fratre</strong></span> <span class='ocrx_word' id='word_1_155' title='bbox 1787 2636 2062 2687; x_wconf 71' lang='lat' dir='ltr'><strong>referatur.</strong></span> <span class='ocrx_word' id='word_1_156' title='bbox 2061 2641 2191 2688; x_wconf 79' lang='lat'><strong>-19</strong></span> <span class='ocrx_word' id='word_1_157' title='bbox 2229 2638 2372 2694; x_wconf 70' lang='lat' dir='ltr'><strong>Quod</strong></span> <span class='ocrx_word' id='word_1_158' title='bbox 2387 2641 2492 2686; x_wconf 81' lang='lat' dir='ltr'><strong>erat</strong></span> <span class='ocrx_word' id='word_1_159' title='bbox 2509 2639 2698 2684; x_wconf 73' lang='lat' dir='ltr'><strong>senatus</strong></span> <span class='ocrx_word' id='word_1_160' title='bbox 2712 2633 3005 2698; x_wconf 65' lang='lat' dir='ltr'><strong>pro-cipum-</strong></span> 
     </span>
     <span class='ocr_line' id='line_1_21' title="bbox 798 2697 3008 2766; baseline 0.001 -19"><span class='ocrx_word' id='word_1_161' title='bbox 798 2712 888 2762; x_wconf 73' lang='grc' dir='ltr'><strong>ᾳιιε</strong></span> <span class='ocrx_word' id='word_1_162' title='bbox 917 2699 1157 2748; x_wconf 67' lang='lat' dir='ltr'><strong>sententia</strong></span> <span class='ocrx_word' id='word_1_163' title='bbox 1176 2697 1403 2760; x_wconf 66' lang='lat' dir='ltr'><strong>summ</strong></span> <span class='ocrx_word' id='word_1_164' title='bbox 1431 2700 1663 2753; x_wconf 81' lang='lat' dir='ltr'><strong>Gronov.</strong></span> <span class='ocrx_word' id='word_1_165' title='bbox 1686 2710 1742 2752; x_wconf 88' lang='lat' dir='ltr'><strong>et</strong></span> <span class='ocrx_word' id='word_1_166' title='bbox 1767 2703 1878 2752; x_wconf 85' lang='lat' dir='ltr'><strong>rell.</strong></span> <span class='ocrx_word' id='word_1_167' title='bbox 1901 2709 2096 2766; x_wconf 63' lang='lat' dir='ltr'><strong>preter</strong></span> <span class='ocrx_word' id='word_1_168' title='bbox 2119 2703 2273 2752; x_wconf 81' lang='lat' dir='ltr'><strong>Crev.</strong></span> <span class='ocrx_word' id='word_1_169' title='bbox 2293 2709 2347 2751; x_wconf 82' lang='lat' dir='ltr'><strong>et</strong></span> <span class='ocrx_word' id='word_1_170' title='bbox 2373 2699 2522 2750; x_wconf 79' lang='lat' dir='ltr'><strong>Drsk</strong></span> <span class='ocrx_word' id='word_1_171' title='bbox 2527 2703 2676 2749; x_wconf 79' lang='lat' dir='ltr'><strong>.—2o</strong></span> <span class='ocrx_word' id='word_1_172' title='bbox 2709 2699 2938 2748; x_wconf 68' lang='lat' dir='ltr'><strong>Omnium</strong></span> <span class='ocrx_word' id='word_1_173' title='bbox 2958 2703 3008 2749; x_wconf 68' lang='lat' dir='ltr'><strong>et</strong></span> 
     </span>
     <span class='ocr_line' id='line_1_22' title="bbox 796 2761 3004 2831; baseline 0.001 -20"><span class='ocrx_word' id='word_1_174' title='bbox 796 2761 947 2812; x_wconf 71' lang='lat' dir='ltr'><strong>vestis</strong></span> <span class='ocrx_word' id='word_1_175' title='bbox 976 2769 1032 2812; x_wconf 90' lang='lat' dir='ltr'><strong>et</strong></span> <span class='ocrx_word' id='word_1_176' title='bbox 1066 2776 1183 2812; x_wconf 84' lang='lat' dir='ltr'><strong>mox</strong></span> <span class='ocrx_word' id='word_1_177' title='bbox 1217 2779 1325 2828; x_wconf 71' lang='lat' dir='ltr'><strong>qm</strong></span> <span class='ocrx_word' id='word_1_178' title='bbox 1360 2780 1454 2829; x_wconf 90' lang='lat' dir='ltr'><strong>pro</strong></span> <span class='ocrx_word' id='word_1_179' title='bbox 1482 2781 1621 2829; x_wconf 69' lang='lat' dir='ltr'><strong>quam</strong></span> <span class='ocrx_word' id='word_1_180' title='bbox 1655 2761 1792 2817; x_wconf 81' lang='lat' dir='ltr'><strong>Edd.</strong></span> <span class='ocrx_word' id='word_1_181' title='bbox 1821 2782 2000 2817; x_wconf 80' lang='lat' dir='ltr'><strong>omues</strong></span> <span class='ocrx_word' id='word_1_182' title='bbox 2031 2775 2224 2831; x_wconf 75' lang='lat' dir='ltr'><strong>proeter</strong></span> <span class='ocrx_word' id='word_1_183' title='bbox 2257 2766 2427 2817; x_wconf 77' lang='lat' dir='ltr'><strong>Drsk.</strong></span> <span class='ocrx_word' id='word_1_184' title='bbox 2483 2764 2604 2814; x_wconf 79' lang='lat' dir='ltr'><strong>vid.</strong></span> <span class='ocrx_word' id='word_1_185' title='bbox 2629 2765 2756 2814; x_wconf 86' lang='lat' dir='ltr'><strong>Not.</strong></span> <span class='ocrx_word' id='word_1_186' title='bbox 2779 2765 2906 2814; x_wconf 73' lang='lat' dir='ltr'><strong>Ver.</strong></span> <span class='ocrx_word' id='word_1_187' title='bbox 2909 2768 3004 2813; x_wconf 81' lang='lat'><strong>—1</strong></span> 
     </span>
     <span class='ocr_line' id='line_1_23' title="bbox 796 2827 3007 2896; baseline 0.001 -20"><span class='ocrx_word' id='word_1_188' title='bbox 796 2827 1089 2892; x_wconf 73' lang='lat' dir='ltr'><strong>Praeparare</strong></span> <span class='ocrx_word' id='word_1_189' title='bbox 1103 2829 1239 2880; x_wconf 67' lang='grc' dir='ltr'><strong>ΕΜ.</strong></span> <span class='ocrx_word' id='word_1_190' title='bbox 1257 2836 1381 2880; x_wconf 76' lang='lat' dir='ltr'><strong>ente</strong></span> <span class='ocrx_word' id='word_1_191' title='bbox 1400 2831 1564 2882; x_wconf 73' lang='lat' dir='ltr'><strong>Drnk.</strong></span> <span class='ocrx_word' id='word_1_192' title='bbox 1567 2835 1666 2881; x_wconf 79' lang='lat'><strong>-2</strong></span> <span class='ocrx_word' id='word_1_193' title='bbox 1697 2833 1744 2883; x_wconf 76' lang='lat' dir='ltr'><em>A</em></span> <span class='ocrx_word' id='word_1_194' title='bbox 1767 2833 1890 2883; x_wconf 76' lang='lat' dir='ltr'><strong>loevu</strong></span> <span class='ocrx_word' id='word_1_195' title='bbox 1911 2833 2118 2882; x_wconf 84' lang='lat' dir='ltr'><strong>emend.</strong></span> <span class='ocrx_word' id='word_1_196' title='bbox 2141 2833 2284 2896; x_wconf 83' lang='lat' dir='ltr'><strong>Lips.</strong></span> <span class='ocrx_word' id='word_1_197' title='bbox 2307 2832 2359 2882; x_wconf 88' lang='lat' dir='ltr'><strong>in</strong></span> <span class='ocrx_word' id='word_1_198' title='bbox 2383 2830 2554 2894; x_wconf 84' lang='lat' dir='ltr'><strong>Epist.</strong></span> <span class='ocrx_word' id='word_1_199' title='bbox 2572 2831 2640 2880; x_wconf 81' lang='lat' dir='ltr'><strong>ad</strong></span> <span class='ocrx_word' id='word_1_200' title='bbox 2661 2829 2851 2892; x_wconf 71' lang='lat' dir='ltr'><strong>Belgas</strong></span> <span class='ocrx_word' id='word_1_201' title='bbox 2869 2831 3007 2879; x_wconf 73' lang='lat'>1098.</span> 
     </span>
    </p>
   </div>
   <div class='ocr_carea' id='block_1_6' title="bbox 1808 2993 2025 3047">
    <p class='ocr_par' dir='ltr' id='par_1_6' title="bbox 1808 2993 2025 3047">
     <span class='ocr_line' id='line_1_24' title="bbox 1808 2993 2025 3047; baseline -0.005 0"><span class='ocrx_word' id='word_1_202' title='bbox 1808 2993 2025 3047; x_wconf 79' lang='grc' dir='ltr'><strong><em>ΝΟΤΙΕ</em></strong></span> 
     </span>
    </p>
   </div>
   <div class='ocr_carea' id='block_1_7' title="bbox 800 3087 3012 3381">
    <p class='ocr_par' dir='ltr' id='par_1_7' title="bbox 800 3087 3012 3381">
     <span class='ocr_line' id='line_1_25' title="bbox 843 3087 3012 3176; baseline -0.002 -37"><span class='ocrx_word' id='word_1_203' title='bbox 843 3093 903 3176; x_wconf 67' lang='lat'><strong>,⁸</strong></span> <span class='ocrx_word' id='word_1_204' title='bbox 937 3088 1132 3140; x_wconf 74' lang='lat' dir='ltr'><strong>Sedatis</strong></span> <span class='ocrx_word' id='word_1_205' title='bbox 1163 3091 1498 3142; x_wconf 63' lang='lat' dir='ltr'><strong>certaminibus</strong></span> <span class='ocrx_word' id='word_1_206' title='bbox 1533 3093 1863 3160; x_wconf 69' lang='lat' dir='ltr'><strong>Allobrogum]</strong></span> <span class='ocrx_word' id='word_1_207' title='bbox 2009 3099 2038 3136; x_wconf 72' lang='grc' dir='ltr'><strong>Ρ</strong></span> <span class='ocrx_word' id='word_1_208' title='bbox 2071 3093 2221 3143; x_wconf 78' lang='lat' dir='ltr'><strong>Orant</strong></span> <span class='ocrx_word' id='word_1_209' title='bbox 2250 3087 2605 3154; x_wconf 69' lang='lat' dir='ltr'><strong>Vocontiorum]</strong></span> <span class='ocrx_word' id='word_1_210' title='bbox 2643 3087 2818 3140; x_wconf 86' lang='lat' dir='ltr'><strong>Vicini</strong></span> <span class='ocrx_word' id='word_1_211' title='bbox 2851 3087 3012 3151; x_wconf 74' lang='lat' dir='ltr'><strong>Segn-</strong></span> 
     </span>
     <span class='ocr_line' id='line_1_26' title="bbox 802 3163 1866 3234; baseline 0.006 -22"><span class='ocrx_word' id='word_1_212' title='bbox 802 3163 860 3213; x_wconf 76' lang='lat'><strong>81</strong></span> <span class='ocrx_word' id='word_1_213' title='bbox 904 3178 1081 3216; x_wconf 82' lang='lat' dir='ltr'><strong>verum</strong></span> <span class='ocrx_word' id='word_1_214' title='bbox 1114 3167 1215 3216; x_wconf 87' lang='lat' dir='ltr'><strong>boc</strong></span> <span class='ocrx_word' id='word_1_215' title='bbox 1250 3167 1559 3219; x_wconf 75' lang='lat' dir='ltr'><strong>Hannibalis</strong></span> <span class='ocrx_word' id='word_1_216' title='bbox 1598 3170 1666 3220; x_wconf 88' lang='lat' dir='ltr'><strong>de</strong></span> <span class='ocrx_word' id='word_1_217' title='bbox 1703 3183 1866 3234; x_wconf 85' lang='lat' dir='ltr'><strong>regno</strong></span> 
     </span>
     <span class='ocr_line' id='line_1_27' title="bbox 800 3239 1865 3312; baseline 0.006 -22"><span class='ocrx_word' id='word_1_218' title='bbox 800 3239 1162 3308; x_wconf 77' lang='lat' dir='ltr'><strong>Allobrogum,</strong></span> <span class='ocrx_word' id='word_1_219' title='bbox 1187 3245 1269 3294; x_wconf 82' lang='lat' dir='ltr'><strong>vel</strong></span> <span class='ocrx_word' id='word_1_220' title='bbox 1300 3249 1465 3312; x_wconf 80' lang='lat' dir='ltr'><strong>partis</strong></span> <span class='ocrx_word' id='word_1_221' title='bbox 1496 3262 1696 3311; x_wconf 85' lang='lat' dir='ltr'><strong>eorum,</strong></span> <span class='ocrx_word' id='word_1_222' title='bbox 1727 3245 1865 3296; x_wconf 72' lang='lat' dir='ltr'><strong>erbi-</strong></span> 
     </span>
     <span class='ocr_line' id='line_1_28' title="bbox 803 3317 1866 3381; baseline 0.008 -15"><span class='ocrx_word' id='word_1_223' title='bbox 803 3317 992 3381; x_wconf 80' lang='lat' dir='ltr'><strong>trium3</strong></span> <span class='ocrx_word' id='word_1_224' title='bbox 1018 3320 1103 3369; x_wconf 81' lang='lat' dir='ltr'><strong>vix</strong></span> <span class='ocrx_word' id='word_1_225' title='bbox 1126 3327 1225 3380; x_wconf 85' lang='lat' dir='ltr'><strong>est,</strong></span> <span class='ocrx_word' id='word_1_226' title='bbox 1248 3330 1306 3373; x_wconf 87' lang='lat' dir='ltr'><strong>ut</strong></span> <span class='ocrx_word' id='word_1_227' title='bbox 1330 3331 1451 3373; x_wconf 78' lang='lat' dir='ltr'><strong>ante</strong></span> <span class='ocrx_word' id='word_1_228' title='bbox 1474 3325 1643 3375; x_wconf 75' lang='lat' dir='ltr'><strong>aditos</strong></span> <span class='ocrx_word' id='word_1_229' title='bbox 1661 3323 1866 3374; x_wconf 84' lang='lat' dir='ltr'><strong>Tricas-</strong></span> 
     </span>
    </p>
   </div>
   <div class='ocr_carea' id='block_1_8' title="bbox 1945 3164 3012 3302">
    <p class='ocr_par' dir='ltr' id='par_1_8' title="bbox 1945 3164 3012 3302">
     <span class='ocr_line' id='line_1_29' title="bbox 1945 3164 3012 3230; baseline -0.006 -12"><span class='ocrx_word' id='word_1_230' title='bbox 1945 3167 2112 3219; x_wconf 84' lang='lat' dir='ltr'><strong>isunis</strong></span> <span class='ocrx_word' id='word_1_231' title='bbox 2135 3177 2191 3219; x_wconf 88' lang='lat' dir='ltr'><strong>et</strong></span> <span class='ocrx_word' id='word_1_232' title='bbox 2212 3167 2536 3230; x_wconf 69' lang='lat' dir='ltr'><strong>Tricastinis,</strong></span> <span class='ocrx_word' id='word_1_233' title='bbox 2569 3166 2635 3216; x_wconf 78' lang='lat' dir='ltr'><strong>sd</strong></span> <span class='ocrx_word' id='word_1_234' title='bbox 2658 3173 2850 3228; x_wconf 89' lang='lat' dir='ltr'><strong>ortum,</strong></span> <span class='ocrx_word' id='word_1_235' title='bbox 2872 3164 3012 3213; x_wconf 84' lang='lat' dir='ltr'><strong>inter</strong></span> 
     </span>
     <span class='ocr_line' id='line_1_30' title="bbox 1945 3241 3012 3302; baseline -0.007 -6"><span class='ocrx_word' id='word_1_236' title='bbox 1945 3245 2144 3296; x_wconf 75' lang='lat' dir='ltr'><strong>Isaram</strong></span> <span class='ocrx_word' id='word_1_237' title='bbox 2168 3253 2223 3295; x_wconf 89' lang='lat' dir='ltr'><strong>et</strong></span> <span class='ocrx_word' id='word_1_238' title='bbox 2243 3243 2556 3296; x_wconf 72' lang='lat' dir='ltr'><strong>Druentiam</strong></span> <span class='ocrx_word' id='word_1_239' title='bbox 2581 3256 2781 3302; x_wconf 78' lang='lat' dir='ltr'><strong>amnes,</strong></span> <span class='ocrx_word' id='word_1_240' title='bbox 2807 3241 3012 3290; x_wconf 86' lang='lat' dir='ltr'><strong>Vocon-</strong></span> 
     </span>
    </p>
   </div>
   <div class='ocr_carea' id='block_1_9' title="bbox 1947 3313 3015 3384">
    <p class='ocr_par' dir='ltr' id='par_1_9' title="bbox 1947 3313 3015 3384">
     <span class='ocr_line' id='line_1_31' title="bbox 1947 3313 3015 3384; baseline -0.002 -14"><span class='ocrx_word' id='word_1_241' title='bbox 1947 3321 2028 3384; x_wconf 88' lang='lat' dir='ltr'><strong>tii,</strong></span> <span class='ocrx_word' id='word_1_242' title='bbox 2050 3335 2184 3370; x_wconf 90' lang='lat' dir='ltr'><strong>nunc</strong></span> <span class='ocrx_word' id='word_1_243' title='bbox 2207 3321 2436 3370; x_wconf 70' lang='lat' dir='ltr'><strong>Dioeeses</strong></span> <span class='ocrx_word' id='word_1_244' title='bbox 2455 3321 2514 3369; x_wconf 79' lang='lat' dir='ltr'><strong>de</strong></span> <span class='ocrx_word' id='word_1_245' title='bbox 2537 3319 2634 3370; x_wconf 78' lang='lat' dir='ltr'><strong>Die</strong></span> <span class='ocrx_word' id='word_1_246' title='bbox 2654 3332 2714 3366; x_wconf 78' lang='lat' dir='ltr'><strong>en</strong></span> <span class='ocrx_word' id='word_1_247' title='bbox 2735 3313 3015 3380; x_wconf 59' lang='lat' dir='ltr'><strong>Daphne,</strong></span> 
     </span>
    </p>
   </div>
   <div class='ocr_carea' id='block_1_10' title="bbox 804 3393 1872 3846">
    <p class='ocr_par' dir='ltr' id='par_1_10' title="bbox 804 3393 1870 3690">
     <span class='ocr_line' id='line_1_32' title="bbox 804 3393 1867 3464; baseline 0.005 -20"><span class='ocrx_word' id='word_1_248' title='bbox 804 3393 940 3460; x_wconf 73' lang='lat' dir='ltr'><strong>tinos</strong></span> <span class='ocrx_word' id='word_1_249' title='bbox 962 3403 1018 3445; x_wconf 90' lang='lat' dir='ltr'><strong>et</strong></span> <span class='ocrx_word' id='word_1_250' title='bbox 1038 3398 1329 3448; x_wconf 86' lang='lat' dir='ltr'><strong>Vocontios</strong></span> <span class='ocrx_word' id='word_1_251' title='bbox 1360 3402 1666 3464; x_wconf 79' lang='lat' dir='ltr'><strong>contigerit=</strong></span> <span class='ocrx_word' id='word_1_252' title='bbox 1699 3413 1867 3464; x_wconf 85' lang='lat' dir='ltr'><strong>neque</strong></span> 
     </span>
     <span class='ocr_line' id='line_1_33' title="bbox 804 3470 1869 3536; baseline 0.005 -17"><span class='ocrx_word' id='word_1_253' title='bbox 804 3470 941 3521; x_wconf 86' lang='lat' dir='ltr'><strong>enim</strong></span> <span class='ocrx_word' id='word_1_254' title='bbox 986 3480 1106 3536; x_wconf 85' lang='lat' dir='ltr'><strong>post</strong></span> <span class='ocrx_word' id='word_1_255' title='bbox 1154 3473 1387 3525; x_wconf 72' lang='lat' dir='ltr'><strong>Rhodani</strong></span> <span class='ocrx_word' id='word_1_256' title='bbox 1433 3477 1726 3535; x_wconf 73' lang='lat' dir='ltr'><strong>transitum,</strong></span> <span class='ocrx_word' id='word_1_257' title='bbox 1768 3475 1869 3524; x_wconf 87' lang='lat' dir='ltr'><strong>nisi</strong></span> 
     </span>
     <span class='ocr_line' id='line_1_34' title="bbox 804 3545 1870 3616; baseline 0.008 -22"><span class='ocrx_word' id='word_1_258' title='bbox 804 3559 902 3610; x_wconf 87' lang='lat' dir='ltr'><strong>per</strong></span> <span class='ocrx_word' id='word_1_259' title='bbox 932 3545 1090 3598; x_wconf 83' lang='lat' dir='ltr'><strong>hosce</strong></span> <span class='ocrx_word' id='word_1_260' title='bbox 1125 3551 1364 3614; x_wconf 86' lang='lat' dir='ltr'><strong>populos,</strong></span> <span class='ocrx_word' id='word_1_261' title='bbox 1400 3552 1567 3616; x_wconf 85' lang='lat' dir='ltr'><strong>potuit</strong></span> <span class='ocrx_word' id='word_1_262' title='bbox 1604 3551 1870 3602; x_wconf 71' lang='lat' dir='ltr'><strong>Hannibal</strong></span> 
     </span>
     <span class='ocr_line' id='line_1_35' title="bbox 804 3619 1515 3690; baseline 0.006 -20"><span class='ocrx_word' id='word_1_263' title='bbox 804 3621 869 3671; x_wconf 76' lang='lat' dir='ltr'><strong>sd</strong></span> <span class='ocrx_word' id='word_1_264' title='bbox 896 3619 1201 3688; x_wconf 74' lang='lat' dir='ltr'><strong>Allobroges</strong></span> <span class='ocrx_word' id='word_1_265' title='bbox 1226 3635 1515 3690; x_wconf 71' lang='lat' dir='ltr'><strong>penetrare.</strong></span> 
     </span>
    </p>

    <p class='ocr_par' dir='ltr' id='par_1_11' title="bbox 806 3699 1872 3846">
     <span class='ocr_line' id='line_1_36' title="bbox 872 3699 1871 3768; baseline 0.006 -21"><span class='ocrx_word' id='word_1_266' title='bbox 872 3705 899 3731; x_wconf 80' lang='lat'><strong>¹²</strong></span> <span class='ocrx_word' id='word_1_267' title='bbox 931 3699 1046 3750; x_wconf 73' lang='lat' dir='ltr'><strong>Non</strong></span> <span class='ocrx_word' id='word_1_268' title='bbox 1082 3707 1213 3752; x_wconf 73' lang='lat' dir='ltr'><strong>reeta</strong></span> <span class='ocrx_word' id='word_1_269' title='bbox 1250 3703 1470 3768; x_wconf 75' lang='lat' dir='ltr'><strong>regione]</strong></span> <span class='ocrx_word' id='word_1_270' title='bbox 1500 3705 1655 3754; x_wconf 74' lang='lat' dir='ltr'><strong>Sane.</strong></span> <span class='ocrx_word' id='word_1_271' title='bbox 1735 3703 1871 3754; x_wconf 77' lang='lat' dir='ltr'><strong>Nam</strong></span> 
     </span>
     <span class='ocr_line' id='line_1_37' title="bbox 806 3777 1872 3846; baseline 0.006 -22"><span class='ocrx_word' id='word_1_272' title='bbox 806 3783 957 3826; x_wconf 74' lang='lat' dir='ltr'><strong>recte</strong></span> <span class='ocrx_word' id='word_1_273' title='bbox 979 3777 1211 3842; x_wconf 75' lang='lat' dir='ltr'><strong>regione,</strong></span> <span class='ocrx_word' id='word_1_274' title='bbox 1232 3779 1304 3846; x_wconf 89' lang='lat' dir='ltr'><strong>(si</strong></span> <span class='ocrx_word' id='word_1_275' title='bbox 1324 3781 1433 3844; x_wconf 74' lang='lat' dir='ltr'><strong>jam</strong></span> <span class='ocrx_word' id='word_1_276' title='bbox 1460 3783 1511 3831; x_wconf 88' lang='lat' dir='ltr'><strong>in</strong></span> <span class='ocrx_word' id='word_1_277' title='bbox 1536 3780 1872 3845; x_wconf 74' lang='lat' dir='ltr'><strong>Allobrogum</strong></span> 
     </span>
    </p>
   </div>
   <div class='ocr_carea' id='block_1_11' title="bbox 750 3853 1879 4152">
    <p class='ocr_par' dir='ltr' id='par_1_12' title="bbox 750 3853 1879 4152">
     <span class='ocr_line' id='line_1_38' title="bbox 809 3853 1874 3921; baseline 0.008 -23"><span class='ocrx_word' id='word_1_278' title='bbox 809 3857 985 3902; x_wconf 85' lang='lat' dir='ltr'><strong>tractu</strong></span> <span class='ocrx_word' id='word_1_279' title='bbox 1003 3853 1269 3906; x_wconf 71' lang='lat' dir='ltr'><strong>Hannibal</strong></span> <span class='ocrx_word' id='word_1_280' title='bbox 1287 3855 1635 3921; x_wconf 54' lang='lat' dir='ltr'><strong>versabatur)</strong></span> <span class='ocrx_word' id='word_1_281' title='bbox 1655 3871 1754 3906; x_wconf 91' lang='lat' dir='ltr'><strong>nec</strong></span> <span class='ocrx_word' id='word_1_282' title='bbox 1771 3869 1874 3906; x_wconf 88' lang='lat' dir='ltr'><strong>me-</strong></span> 
     </span>
     <span class='ocr_line' id='line_1_39' title="bbox 810 3929 1874 3984; baseline 0.004 -6"><span class='ocrx_word' id='word_1_283' title='bbox 810 3929 993 3980; x_wconf 86' lang='lat' dir='ltr'><strong>ridiem</strong></span> <span class='ocrx_word' id='word_1_284' title='bbox 1018 3944 1197 3982; x_wconf 81' lang='lat' dir='ltr'><strong>versus</strong></span> <span class='ocrx_word' id='word_1_285' title='bbox 1222 3931 1599 3984; x_wconf 78' lang='lat' dir='ltr'><strong>remetiendum</strong></span> <span class='ocrx_word' id='word_1_286' title='bbox 1628 3934 1729 3983; x_wconf 85' lang='lat' dir='ltr'><strong>iter</strong></span> <span class='ocrx_word' id='word_1_287' title='bbox 1748 3929 1874 3983; x_wconf 80' lang='lat' dir='ltr'><strong>fuis-</strong></span> 
     </span>
     <span class='ocr_line' id='line_1_40' title="bbox 750 4007 1879 4074; baseline 0.003 -19"><span class='ocrx_word' id='word_1_288' title='bbox 750 4033 757 4040; x_wconf 91' lang='lat'><strong>·</strong></span> <span class='ocrx_word' id='word_1_289' title='bbox 810 4015 921 4056; x_wconf 69' lang='lat' dir='ltr'><strong>sete</strong></span> <span class='ocrx_word' id='word_1_290' title='bbox 956 4021 1054 4058; x_wconf 80' lang='lat' dir='ltr'><strong>nec</strong></span> <span class='ocrx_word' id='word_1_291' title='bbox 1076 4007 1197 4059; x_wconf 81' lang='lat' dir='ltr'><strong>inde</strong></span> <span class='ocrx_word' id='word_1_292' title='bbox 1221 4007 1287 4058; x_wconf 74' lang='lat' dir='ltr'><strong>ad</strong></span> <span class='ocrx_word' id='word_1_293' title='bbox 1312 4007 1475 4074; x_wconf 85' lang='lat' dir='ltr'><strong>Alpes</strong></span> <span class='ocrx_word' id='word_1_294' title='bbox 1505 4009 1739 4059; x_wconf 84' lang='lat' dir='ltr'><strong>tendenti</strong></span> <span class='ocrx_word' id='word_1_295' title='bbox 1761 4007 1879 4058; x_wconf 82' lang='lat' dir='ltr'><strong>Tri-</strong></span> 
     </span>
     <span class='ocr_line' id='line_1_41' title="bbox 809 4085 1876 4152; baseline 0 -16"><span class='ocrx_word' id='word_1_296' title='bbox 809 4085 995 4136; x_wconf 79' lang='lat' dir='ltr'><strong>castini</strong></span> <span class='ocrx_word' id='word_1_297' title='bbox 1018 4085 1085 4136; x_wconf 80' lang='lat' dir='ltr'><strong>sd</strong></span> <span class='ocrx_word' id='word_1_298' title='bbox 1116 4087 1316 4152; x_wconf 77' lang='lat' dir='ltr'><strong>laevsm,</strong></span> <span class='ocrx_word' id='word_1_299' title='bbox 1336 4085 1429 4137; x_wconf 87' lang='lat' dir='ltr'><strong>sed</strong></span> <span class='ocrx_word' id='word_1_300' title='bbox 1464 4087 1640 4152; x_wconf 86' lang='lat' dir='ltr'><strong>potius</strong></span> <span class='ocrx_word' id='word_1_301' title='bbox 1662 4086 1729 4137; x_wconf 81' lang='lat' dir='ltr'><strong>ad</strong></span> <span class='ocrx_word' id='word_1_302' title='bbox 1751 4085 1876 4136; x_wconf 82' lang='lat' dir='ltr'><strong>dex·</strong></span> 
     </span>
    </p>
   </div>
   <div class='ocr_carea' id='block_1_12' title="bbox 814 4167 1871 4304">
    <p class='ocr_par' dir='ltr' id='par_1_13' title="bbox 814 4167 1871 4304">
     <span class='ocr_line' id='line_1_42' title="bbox 814 4167 1871 4304; baseline 0.001 -16"><span class='ocrx_word' id='word_1_303' title='bbox 814 4167 999 4288; x_wconf 53' lang='lat' dir='ltr'><strong>“tall-n</strong></span> <span class='ocrx_word' id='word_1_304' title='bbox 1025 4238 1341 4304; x_wconf 59' lang='lat' dir='ltr'><strong>meatim]</strong></span> <span class='ocrx_word' id='word_1_305' title='bbox 1379 4239 1609 4304; x_wconf 80' lang='lat' dir='ltr'><strong>Exiguus</strong></span> <span class='ocrx_word' id='word_1_306' title='bbox 1640 4240 1704 4290; x_wconf 80' lang='lat' dir='ltr'><strong>sd</strong></span> <span class='ocrx_word' id='word_1_307' title='bbox 1737 4239 1871 4289; x_wconf 86' lang='lat' dir='ltr'><strong>Rbo-</strong></span> 
     </span>
    </p>
   </div>
   <div class='ocr_carea' id='block_1_13' title="bbox 813 4313 1876 4460">
    <p class='ocr_par' dir='ltr' id='par_1_14' title="bbox 813 4313 1876 4460">
     <span class='ocr_line' id='line_1_43' title="bbox 813 4313 1876 4381; baseline 0.004 -17"><span class='ocrx_word' id='word_1_308' title='bbox 813 4313 1004 4366; x_wconf 74' lang='lat' dir='ltr'><strong>danum</strong></span> <span class='ocrx_word' id='word_1_309' title='bbox 1040 4317 1280 4381; x_wconf 89' lang='lat' dir='ltr'><strong>populus,</strong></span> <span class='ocrx_word' id='word_1_310' title='bbox 1314 4332 1450 4367; x_wconf 87' lang='lat' dir='ltr'><strong>nunc</strong></span> <span class='ocrx_word' id='word_1_311' title='bbox 1485 4316 1687 4368; x_wconf 59' lang='lat' dir='ltr'><strong>Diocdse</strong></span> <span class='ocrx_word' id='word_1_312' title='bbox 1723 4319 1780 4367; x_wconf 79' lang='lat' dir='ltr'><strong>de</strong></span> <span class='ocrx_word' id='word_1_313' title='bbox 1815 4317 1876 4368; x_wconf 77' lang='lat' dir='ltr'><strong>S.</strong></span> 
     </span>
     <span class='ocr_line' id='line_1_44' title="bbox 821 4393 1876 4460; baseline 0.002 -18"><span class='ocrx_word' id='word_1_314' title='bbox 821 4393 945 4444; x_wconf 80' lang='lat' dir='ltr'><strong>Paul</strong></span> <span class='ocrx_word' id='word_1_315' title='bbox 990 4397 1048 4446; x_wconf 79' lang='lat' dir='ltr'><strong>de</strong></span> <span class='ocrx_word' id='word_1_316' title='bbox 1098 4393 1511 4447; x_wconf 58' lang='lat' dir='ltr'><strong>Rois-Chdteaax</strong></span> <span class='ocrx_word' id='word_1_317' title='bbox 1552 4397 1603 4446; x_wconf 89' lang='lat' dir='ltr'><strong>iu</strong></span> <span class='ocrx_word' id='word_1_318' title='bbox 1657 4395 1876 4460; x_wconf 86' lang='lat' dir='ltr'><strong>Delphi-</strong></span> 
     </span>
    </p>
   </div>
   <div class='ocr_carea' id='block_1_14' title="bbox 816 4479 960 4522">
    <p class='ocr_par' dir='ltr' id='par_1_15' title="bbox 816 4479 960 4522">
     <span class='ocr_line' id='line_1_45' title="bbox 816 4479 960 4522; baseline 0.014 -2"><span class='ocrx_word' id='word_1_319' title='bbox 816 4479 960 4522; x_wconf 60' lang='lat' dir='ltr'><strong>ultu-</strong></span> 
     </span>
    </p>
   </div>
   <div class='ocr_carea' id='block_1_15' title="bbox 1945 3393 3023 4521">
    <p class='ocr_par' dir='ltr' id='par_1_16' title="bbox 1945 3393 2753 3448">
     <span class='ocr_line' id='line_1_46' title="bbox 1945 3393 2753 3448; baseline -0.005 0"><span class='ocrx_word' id='word_1_320' title='bbox 1945 3404 1992 3448; x_wconf 79' lang='lat' dir='ltr'><strong>et</strong></span> <span class='ocrx_word' id='word_1_321' title='bbox 2013 3399 2072 3447; x_wconf 79' lang='lat' dir='ltr'><strong>de</strong></span> <span class='ocrx_word' id='word_1_322' title='bbox 2091 3395 2264 3448; x_wconf 66' lang='lat' dir='ltr'><strong>Vm</strong></span> <span class='ocrx_word' id='word_1_323' title='bbox 2283 3399 2403 3446; x_wconf 78' lang='lat' dir='ltr'><strong>dans</strong></span> <span class='ocrx_word' id='word_1_324' title='bbox 2422 3399 2466 3446; x_wconf 78' lang='lat' dir='ltr'><strong>le</strong></span> <span class='ocrx_word' id='word_1_325' title='bbox 2485 3393 2753 3448; x_wconf 71' lang='lat' dir='ltr'><strong>Vmissin.</strong></span> 
     </span>
    </p>

    <p class='ocr_par' dir='ltr' id='par_1_17' title="bbox 1949 3466 3018 3995">
     <span class='ocr_line' id='line_1_47' title="bbox 2011 3466 3015 3534; baseline -0.008 -11"><span class='ocrx_word' id='word_1_326' title='bbox 2011 3481 2036 3516; x_wconf 63' lang='lat' dir='ltr'>ss</span> <span class='ocrx_word' id='word_1_327' title='bbox 2071 3471 2132 3522; x_wconf 80' lang='grc' dir='ltr'><strong>[ιι</strong></span> <span class='ocrx_word' id='word_1_328' title='bbox 2151 3472 2411 3534; x_wconf 78' lang='lat' dir='ltr'><strong>Tricorios]</strong></span> <span class='ocrx_word' id='word_1_329' title='bbox 2439 3471 2660 3521; x_wconf 82' lang='lat' dir='ltr'><strong>Tricorii</strong></span> <span class='ocrx_word' id='word_1_330' title='bbox 2681 3467 2814 3519; x_wconf 75' lang='lat' dir='ltr'><strong>lisud</strong></span> <span class='ocrx_word' id='word_1_331' title='bbox 2838 3466 3015 3532; x_wconf 75' lang='lat' dir='ltr'><strong>magni</strong></span> 
     </span>
     <span class='ocr_line' id='line_1_48' title="bbox 1949 3543 3015 3614; baseline -0.006 -15"><span class='ocrx_word' id='word_1_332' title='bbox 1949 3549 2169 3599; x_wconf 88' lang='lat' dir='ltr'><strong>nominis</strong></span> <span class='ocrx_word' id='word_1_333' title='bbox 2192 3547 2414 3614; x_wconf 84' lang='lat' dir='ltr'><strong>populus</strong></span> <span class='ocrx_word' id='word_1_334' title='bbox 2437 3546 2704 3597; x_wconf 78' lang='lat' dir='ltr'><strong>vocontiis</strong></span> <span class='ocrx_word' id='word_1_335' title='bbox 2742 3543 2810 3595; x_wconf 79' lang='lat' dir='ltr'><strong>sd</strong></span> <span class='ocrx_word' id='word_1_336' title='bbox 2842 3544 3015 3594; x_wconf 87' lang='lat' dir='ltr'><strong>orien-</strong></span> 
     </span>
     <span class='ocr_line' id='line_1_49' title="bbox 1951 3619 3017 3694; baseline -0.009 -17"><span class='ocrx_word' id='word_1_337' title='bbox 1951 3633 2060 3677; x_wconf 87' lang='lat' dir='ltr'><strong>tem</strong></span> <span class='ocrx_word' id='word_1_338' title='bbox 2083 3629 2342 3694; x_wconf 68' lang='lat' dir='ltr'><strong>estivnm,</strong></span> <span class='ocrx_word' id='word_1_339' title='bbox 2362 3631 2417 3674; x_wconf 90' lang='lat' dir='ltr'><strong>et</strong></span> <span class='ocrx_word' id='word_1_340' title='bbox 2449 3622 2587 3674; x_wconf 80' lang='lat' dir='ltr'><strong>forte</strong></span> <span class='ocrx_word' id='word_1_341' title='bbox 2619 3619 2901 3672; x_wconf 84' lang='lat' dir='ltr'><strong>eorundem</strong></span> <span class='ocrx_word' id='word_1_342' title='bbox 2926 3633 3017 3684; x_wconf 81' lang='lat' dir='ltr'><strong>ps-</strong></span> 
     </span>
     <span class='ocr_line' id='line_1_50' title="bbox 1951 3697 3018 3768; baseline -0.007 -15"><span class='ocrx_word' id='word_1_343' title='bbox 1951 3717 2064 3768; x_wconf 86' lang='lat' dir='ltr'><strong>gns.</strong></span> <span class='ocrx_word' id='word_1_344' title='bbox 2119 3702 2354 3752; x_wconf 73' lang='lat' dir='ltr'><strong>NominIs</strong></span> <span class='ocrx_word' id='word_1_345' title='bbox 2379 3699 2596 3765; x_wconf 76' lang='lat' dir='ltr'><strong>vestigia</strong></span> <span class='ocrx_word' id='word_1_346' title='bbox 2619 3703 2797 3747; x_wconf 74' lang='lat' dir='ltr'><strong>servat</strong></span> <span class='ocrx_word' id='word_1_347' title='bbox 2821 3697 3018 3762; x_wconf 74' lang='lat' dir='ltr'><strong>aliqua-</strong></span> 
     </span>
     <span class='ocr_line' id='line_1_51' title="bbox 1951 3769 3018 3836; baseline -0.007 -8"><span class='ocrx_word' id='word_1_348' title='bbox 1951 3783 2103 3829; x_wconf 85' lang='lat' dir='ltr'><strong>tenus</strong></span> <span class='ocrx_word' id='word_1_349' title='bbox 2126 3783 2324 3827; x_wconf 80' lang='lat' dir='ltr'><strong>trsctus</strong></span> <span class='ocrx_word' id='word_1_350' title='bbox 2347 3777 2400 3826; x_wconf 90' lang='lat' dir='ltr'><strong>in</strong></span> <span class='ocrx_word' id='word_1_351' title='bbox 2419 3772 2780 3826; x_wconf 77' lang='lat' dir='ltr'><strong>valentinensi</strong></span> <span class='ocrx_word' id='word_1_352' title='bbox 2795 3769 3018 3836; x_wconf 74' lang='lat' dir='ltr'><strong>&#39;Delphi-</strong></span> 
     </span>
     <span class='ocr_line' id='line_1_52' title="bbox 1952 3848 3018 3919; baseline -0.006 -14"><span class='ocrx_word' id='word_1_353' title='bbox 1952 3855 2150 3905; x_wconf 82' lang='lat' dir='ltr'><strong>natium</strong></span> <span class='ocrx_word' id='word_1_354' title='bbox 2174 3867 2318 3919; x_wconf 74' lang='lat' dir='ltr'><strong>egro,</strong></span> <span class='ocrx_word' id='word_1_355' title='bbox 2341 3854 2496 3918; x_wconf 82' lang='lat' dir='ltr'><strong>vulgo</strong></span> <span class='ocrx_word' id='word_1_356' title='bbox 2513 3851 2721 3916; x_wconf 62' lang='grc' dir='ltr'><strong>Μῶα,</strong></span> <span class='ocrx_word' id='word_1_357' title='bbox 2737 3848 2889 3914; x_wconf 82' lang='lat' dir='ltr'><strong>cujus</strong></span> <span class='ocrx_word' id='word_1_358' title='bbox 2909 3848 3018 3914; x_wconf 85' lang='lat' dir='ltr'><strong>pri-</strong></span> 
     </span>
     <span class='ocr_line' id='line_1_53' title="bbox 1953 3929 2627 3995; baseline -0.006 -13"><span class='ocrx_word' id='word_1_359' title='bbox 1953 3931 2170 3983; x_wconf 83' lang='lat' dir='ltr'><strong>marium</strong></span> <span class='ocrx_word' id='word_1_360' title='bbox 2193 3929 2442 3995; x_wconf 81' lang='lat' dir='ltr'><strong>oppidum</strong></span> <span class='ocrx_word' id='word_1_361' title='bbox 2465 3929 2627 3979; x_wconf 73' lang='lat' dir='ltr'><strong>Mens.</strong></span> 
     </span>
    </p>

    <p class='ocr_par' dir='ltr' id='par_1_18' title="bbox 1953 4001 3023 4521">
     <span class='ocr_line' id='line_1_54' title="bbox 2017 4001 3020 4070; baseline -0.008 -11"><span class='ocrx_word' id='word_1_362' title='bbox 2017 4014 2039 4042; x_wconf 78' lang='lat'>¹</span> <span class='ocrx_word' id='word_1_363' title='bbox 2068 4009 2152 4059; x_wconf 76' lang='lat' dir='ltr'><strong>Aa</strong></span> <span class='ocrx_word' id='word_1_364' title='bbox 2181 4005 2495 4070; x_wconf 72' lang='lat' dir='ltr'><strong>Druentiam]</strong></span> <span class='ocrx_word' id='word_1_365' title='bbox 2525 4007 2608 4056; x_wconf 77' lang='lat' dir='ltr'><strong>Ex</strong></span> <span class='ocrx_word' id='word_1_366' title='bbox 2643 4001 2862 4068; x_wconf 85' lang='lat' dir='ltr'><strong>Alpibus</strong></span> <span class='ocrx_word' id='word_1_367' title='bbox 2893 4001 3020 4052; x_wconf 84' lang='lat' dir='ltr'><strong>Cot·</strong></span> 
     </span>
     <span class='ocr_line' id='line_1_55' title="bbox 1953 4077 3020 4147; baseline -0.008 -11"><span class='ocrx_word' id='word_1_368' title='bbox 1953 4085 2041 4136; x_wconf 86' lang='lat' dir='ltr'><strong>tiis</strong></span> <span class='ocrx_word' id='word_1_369' title='bbox 2063 4085 2126 4134; x_wconf 83' lang='lat' dir='ltr'><strong>sd</strong></span> <span class='ocrx_word' id='word_1_370' title='bbox 2149 4083 2420 4134; x_wconf 85' lang='lat' dir='ltr'><strong>meridiem</strong></span> <span class='ocrx_word' id='word_1_371' title='bbox 2447 4097 2544 4147; x_wconf 90' lang='lat' dir='ltr'><strong>per</strong></span> <span class='ocrx_word' id='word_1_372' title='bbox 2561 4079 2888 4145; x_wconf 76' lang='lat' dir='ltr'><strong>Brigantium</strong></span> <span class='ocrx_word' id='word_1_373' title='bbox 2911 4077 3020 4142; x_wconf 82' lang='lat' dir='ltr'><strong>pri-</strong></span> 
     </span>
     <span class='ocr_line' id='line_1_56' title="bbox 1955 4157 3019 4222; baseline -0.007 -10"><span class='ocrx_word' id='word_1_374' title='bbox 1955 4177 2093 4212; x_wconf 87' lang='lat' dir='ltr'><strong>mum</strong></span> <span class='ocrx_word' id='word_1_375' title='bbox 2137 4159 2473 4211; x_wconf 86' lang='lat' dir='ltr'><strong>Ebrodunum</strong></span> <span class='ocrx_word' id='word_1_376' title='bbox 2515 4164 2572 4209; x_wconf 85' lang='lat' dir='ltr'><strong>et</strong></span> <span class='ocrx_word' id='word_1_377' title='bbox 2609 4157 3019 4222; x_wconf 81' lang='lat' dir='ltr'><strong>Segusteronem</strong></span> 
     </span>
     <span class='ocr_line' id='line_1_57' title="bbox 1953 4231 3023 4300; baseline -0.007 -13"><span class='ocrx_word' id='word_1_378' title='bbox 1953 4238 2185 4287; x_wconf 84' lang='lat' dir='ltr'><strong>decurrit</strong></span> <span class='ocrx_word' id='word_1_379' title='bbox 2209 4235 2490 4300; x_wconf 71' lang='lat' dir='ltr'><strong>Druentia,</strong></span> <span class='ocrx_word' id='word_1_380' title='bbox 2517 4234 2674 4299; x_wconf 79' lang='lat' dir='ltr'><strong>vulgo</strong></span> <span class='ocrx_word' id='word_1_381' title='bbox 2695 4234 2744 4282; x_wconf 78' lang='lat' dir='ltr'><strong>la</strong></span> <span class='ocrx_word' id='word_1_382' title='bbox 2763 4231 3023 4282; x_wconf 60' lang='lat' dir='ltr'><strong>Ducum:</strong></span> 
     </span>
     <span class='ocr_line' id='line_1_58' title="bbox 1956 4309 3022 4371; baseline -0.009 -6"><span class='ocrx_word' id='word_1_383' title='bbox 1956 4331 2019 4366; x_wconf 80' lang='lat' dir='ltr'><strong>sc</strong></span> <span class='ocrx_word' id='word_1_384' title='bbox 2041 4314 2228 4364; x_wconf 85' lang='lat' dir='ltr'><strong>deinde</strong></span> <span class='ocrx_word' id='word_1_385' title='bbox 2251 4314 2302 4363; x_wconf 92' lang='lat' dir='ltr'><strong>in</strong></span> <span class='ocrx_word' id='word_1_386' title='bbox 2326 4325 2566 4363; x_wconf 78' lang='lat' dir='ltr'><strong>occasum</strong></span> <span class='ocrx_word' id='word_1_387' title='bbox 2587 4309 2726 4361; x_wconf 82' lang='lat' dir='ltr'><strong>flexo</strong></span> <span class='ocrx_word' id='word_1_388' title='bbox 2743 4319 2902 4358; x_wconf 83' lang='lat' dir='ltr'><strong>eursu</strong></span> <span class='ocrx_word' id='word_1_389' title='bbox 2922 4319 3022 4371; x_wconf 88' lang='lat' dir='ltr'><strong>per</strong></span> 
     </span>
     <span class='ocr_line' id='line_1_59' title="bbox 1957 4381 3020 4442; baseline -0.008 0"><span class='ocrx_word' id='word_1_390' title='bbox 1957 4391 2310 4442; x_wconf 72' lang='lat' dir='ltr'><strong>Cabellionem</strong></span> <span class='ocrx_word' id='word_1_391' title='bbox 2332 4391 2386 4442; x_wconf 87' lang='lat' dir='ltr'><strong>iu</strong></span> <span class='ocrx_word' id='word_1_392' title='bbox 2401 4387 2708 4440; x_wconf 78' lang='lat' dir='ltr'><strong>Rhodanum</strong></span> <span class='ocrx_word' id='word_1_393' title='bbox 2732 4383 2902 4437; x_wconf 84' lang='lat' dir='ltr'><strong>influit</strong></span> <span class='ocrx_word' id='word_1_394' title='bbox 2924 4381 3020 4435; x_wconf 81' lang='lat' dir='ltr'><strong>sub</strong></span> 
     </span>
     <span class='ocr_line' id='line_1_60' title="bbox 1960 4471 2246 4521; baseline -0.01 0"><span class='ocrx_word' id='word_1_395' title='bbox 1960 4471 2246 4521; x_wconf 82' lang='lat' dir='ltr'><strong>Avenioue.</strong></span> 
     </span>
    </p>
   </div>
  </div>
 </body>
</html>
