3300 5225
1038 526 1189 614 101133
1238 525 1417 579 xxi.
1463 526 1627 576 cn.
1672 510 1780 577 16.
2331 510 2506 578 1677

307 672 661 755 maginem.
778 669 1043 736 Octavo
1100 678 1411 751 mense,¹¹²
1482 690 1684 757 quam
1747 674 2044 756 coeptum
2105 673 2510 757 oppugnari,

306 783 585 859 captum
637 773 1029 859 Saguntum,
1087 774 1363 858 quidam
1405 776 1770 860 scripsere:
1831 772 1988 841 inde
2047 772 2512 859 Carthaginem

304 897 553 944 novam
583 878 653 943 in
677 876 972 963 hyberna
999 876 1460 947 Hannibalem
1490 878 1950 945 concessisse:
1995 878 2234 962 quinto
2275 877 2514 944 deinde

302 1000 556 1061 meuse,
586 998 789 1067 quam
816 981 902 1046 ab
934 979 1336 1065 Carthagine
1366 982 1706 1066 profectus
1729 981 1840 1059 sit,
1880 981 1950 1046 in
1977 981 2249 1047 Italiam
2279 1000 2516 1066 perve-

302 1084 539 1151 nisse.·
598 1082 778 1163 Quae
804 1084 865 1149 si
893 1084 989 1149 ita
1018 1090 1201 1163 sunt,
1246 1083 1395 1149 fieri
1436 1101 1569 1149 uon
1602 1084 1851 1168 potuit,
1897 1090 1974 1151 ut
2019 1083 2106 1149 P.
2138 1084 2514 1167 Cornelius,

300 1186 411 1251 Ἠ.
444 1186 891 1272 Sempronius
918 1186 1228 1252 eonsules
1254 1186 1528 1264 fuerint,
1559 1186 1645 1252 ad
1677 1206 1852 1271 quos
1894 1194 1967 1253 et
2012 1187 2348 1273 principio
2389 1198 2538 1273 op·-¹

300 1290 733 1375 pugnationis
761 1290 959 1371 legati
991 1289 1343 1374 Saguntini
1370 1289 1569 1353 missi
1598 1290 1753 1368 sint,
1795 1295 1865 1355 et
1893 1291 2104 1375 quiin
2133 1310 2262 1357 suo
2307 1293 2514 1377 magi-

302 1400 525 1459 stratu
568 1412 723 1458 cum
767 1390 1175 1471 Hannibale,
1228 1392 1395 1458 alter
1448 1392 1538 1458 ad
1594 1393 1908 1459 Ticinum
1967 1412 2256 1473 amnem,
2309 1396 2514 1461 ambo

296 1495 646 1580 aliquanto
672 1502 837 1580 post
882 1494 965 1559 ad
1002 1494 1345 1573 Trebiam,
1379 1497 1840 1579 pugnaverint.
1928 1493 2069 1561 Aut
2097 1496 2318 1563 omnia
2348 1498 2501 1563 bre-

302 1598 493 1664 viora
518 1598 865 1682 aliquanto
893 1598 1097 1675 fuere,
1128 1603 1242 1663 aut
1268 1598 1645 1681 Saguntum
1677 1598 2009 1683 principio
2040 1598 2226 1678 anui,
2257 1618 2396 1683 quo
2427 1598 2514 1665 P.

303 1696 687 1777 Cornelius,
728 1700 841 1767 Ti.
866 1699 1303 1784 Sempronius
1330 1700 1649 1767 consules
1679 1700 1980 1780 fuerunt,
2027 1720 2164 1767 non
2215 1706 2516 1787 ooeptum

302 1804 681 1891 oppugnari
714 1810 841 1882 est,
873 1802 992 1868 sed
1020 1810 1321 1887 captum.
1358 1802 1539 1867 Nam
1562 1804 1945 1869 excessisse
1971 1823 2206 1890 pugna
2233 1803 2321 1870 ad
2350 1805 2518 1871 Tre-

298 1906 491 1973 biam
519 1908 595 1973 in
624 1926 866 1973 annum
892 1906 1018 1973 Cn.
1036 1906 1305 1972 Servilii
1324 1912 1397 1971 et
1412 1904 1551 1972 0³⁸
1572 1906 1895 1971 Flaminii
1918 1926 2056 1972 non
2086 1913 2332 1991 potest,
2357 1908 2518 1993 quia

298 2008 681 2077 Flaminius
699 2008 989 2077 Arimini
1020 2009 1441 2075 consulatum
1464 2008 1639 2082 iniit,
1671 2018 1935 2075 creatus
1959 2010 2048 2075 ab
2075 2008 2188 2075 Ti.
2207 2008 2517 2095 Sempro·

298 2112 424 2179 nio
455 2115 779 2197 consule3
821 2114 963 2200 qui,
1008 2120 1169 2199 post
1205 2132 1501 2200 pugnam
1552 2113 1641 2180 ad
1691 2113 2011 2180 Trebiam
2059 2112 2150 2179 ad
2195 2114 2518 2181 creandos

296 2218 626 2285 consules
655 2216 947 2284 Romam
974 2236 1130 2283 eum
1157 2217 1483 2295 venisset,
1530 2218 1822 2283 comitiis
1849 2217 2166 2303 perfectis
2206 2217 2298 2283 ad
2327 2232 2517 2283 exer-

296 2316 513 2385 citum
540 2320 609 2385 in
636 2320 937 2406 hyberna
959 2319 1184 2386 rediit.

386 2423 501 2490 16.
544 2424 691 2489 Sub
732 2422 909 2491 idem
951 2423 1087 2489 sere
1122 2427 1391 2508 tempus
1420 2428 1487 2489 et
1514 2422 1747 2507 legati,
1779 2424 1894 2509 qui
1921 2422 2256 2489 redierant
2283 2442 2328 2489 a
2355 2420 2517 2489 Gar-

296 2522 603 2610 tbagine,
636 2524 927 2591 Romam
954 2528 1343 2609 retulerunt,
1372 2527 1602 2593 omnia
1627 2527 1905 2594 hostilia
1935 2544 2112 2605 esse,
2137 2532 2208 2591 et
2232 2525 2520 2609 Sagunti

296 2631 655 2696 excidium
701 2629 1079 2698 nuntiatum
1127 2635 1272 2695 est:
1316 2627 1680 2716 tantusque
1724 2631 1926 2696 simul
1969 2649 2216 2697 moeror
2262 2629 2520 2708 Patres,

294 2732 901 2817 misericordiaque
947 2733 1283 2799 sociorum
1336 2739 1778 2818 per-emiorum
1835 2733 2124 2818 indigne,
2175 2738 2245 2799 et
2298 2730 2520 2818 pudor

294 2853 439 2901 nou
498 2835 621 2902 lati
671 2833 943 2915 auxilii,
986 2841 1055 2901 et
1098 2837 1199 2902 ira
1250 2837 1319 2901 in
1370 2835 1976 2921 Carthaginienses,
2027 2844 2382 2923 metusque
2433 2834 2520 2900 de

298 2959 571 3006 summa
599 2958 821 3004 rerum
850 2939 1053 3024 oepit,
1083 2939 1273 3005 velut
1300 2939 1360 3004 si
1378 2939 1528 3025 jam
1557 2939 1645 3005 ad
1677 2949 1914 3026 portas
1942 2938 2164 3005 hostis
2189 2949 2389 3017 esset,
2417 2943 2518 3015 ut,

294 3047 408 3107 tot
452 3061 597 3106 uno
636 3047 941 3125 tempore
966 3041 1265 3108 motibus
1292 3042 1501 3106 animi
1530 3043 1797 3122 turbati,
1829 3040 2238 3126 trepidarent
2279 3039 2518 3123 magis,

298 3163 512 3227 quam
544 3143 1043 3210 consulerent.¹⁹
1130 3142 1316 3209 Nam
1343 3163 1558 3230 neque
1583 3144 1844 3210 hostem
1885 3144 2206 3208 acriorem
2237 3142 2521 3208 bellico-

300 3248 698 3331 sioremque
747 3267 977 3314 secum
1028 3265 1512 3331 congressum3
1570 3267 1704 3313 nee
1757 3267 1893 3312 rem
1947 3245 2326 3313 Romanam
2376 3253 2521 3312 tam

299 3348 613 3416 desidem
632 3369 927 3437 unquam
954 3348 1165 3416 fuisse
1196 3359 1405 3436 atque
1435 3350 1826 3416 imbellem.ae
1909 3348 2202 3415 Sardos*
2235 3349 2522 3416 Corsos-

366 3541 397 3567 ⁸
430 3535 601 3600 Neque
618 3549 725 3586 eun
747 3535 981 3600 Remis
999 3535 1467 3598 “amsa-tiores,
1490 3539 1541 3585 et
1570 3535 1734 3584 bellio«
1754 3533 1936 3584 virtute
1951 3535 2314 3600 renuntiares
2334 3535 2518 3587 hodae

302 3615 389 3650 nee
409 3601 1015 3666 mum-analeo
1035 3603 1279 3653 iuter-tent
1300 3600 1670 3666 itumsfnine
1689 3599 1900 3650 aiebam

1230 3745 1598 3769 &mm

302 3849 439 3963 vig!
456 3845 755 3963 §3⁸23
787 3847 947 3912 pretio
978 3847 1195 3914 Doujat.
1232 3848 1563 3900 Stroth—18
1597 3847 1658 3898 G.
1695 3845 1801 3897 del.
1841 3845 1996 3898 Grut-
2031 3843 2265 3897 Gronov.
2301 3841 2523 3912 Doujat.

1305 4027 1527 4080 NOTAE

368 4133 411 4160 ¹·
450 4123 637 4174 odam
670 4121 853 4187 mse]
898 4123 1179 4191 Plerisque
1208 4125 1376 4177 Vete-
1454 4139 1549 4176 sex
1601 4137 1808 4174 meum
1849 4135 2092 4174 eversum
2132 4119 2233 4170 boe
2267 4121 2520 4186 oppidum

306 4217 425 4254 rum
448 4215 569 4252 eum
590 4199 745 4251 Livio
776 4200 1023 4252 convenit
1040 4217 1057 4252 ε
1092 4201 1375 4254 adversan-
1454 4211 1662 4266 narr-13
1701 4201 1838 4267 qnod
1862 4199 2180 4267 probabilius
2201 4199 2345 4253 fucit·
2359 4202 2521 4268 ipsius

306 4289 399 4333 tur
436 4279 561 4330 hine
614 4277 819 4342 Florus,
858 4278 949 4343 qui
989 4279 1195 4330 maisi
1237 4293 1376 4332 nono
1456 4281 1587 4332 Livii
1605 4280 1946 4345 eomputatio-

306 4369 495 4409 -eme
548 4353 783 4404 Mum
836 4355 1023 4406 scribit
1054 4356 1376 4420 Saguntum
1516 4366 1544 4394 ¹¹
1576 4355 1784 4421 Sardos]
1835 4355 2094 4408 Sardinia
2129 4355 2370 4422 populos,
2397 4371 2518 4424 qum

305 4433 433 4486 ind·
455 4431 663 4484 Auctor
682 4430 759 4482 de
774 4431 871 4484 vir.
890 4430 1079 4484 illustr.
1112 4433 1203 4500 qui
1238 4433 1377 4485 intra
1456 4447 1561 4487 uua
1584 4448 1654 4486 ex
1669 4433 1836 4486 tribus
1853 4431 2132 4500 majoribus
2145 4432 2288 4486 circa
2309 4433 2522 4489 ltaliam
