3300 5225
2378 506 2552 575 1759

348 694 515 754 rum,
572 670 925 759 procedit:
988 677 1219 759 atque,
1278 675 1442 740 urbe
1482 691 1708 739 eorum
1761 668 2102 749 obsessa‚'’
2159 671 2548 737 Lacetanos

348 778 682 844 auxilium
729 777 1031 843 finitimis
1074 778 1365 843 serentes
1410 782 1635 851 nocte,
1679 773 1855 839 haud
1897 774 2138 858 procul
2167 772 2314 857 jam
2359 774 2547 851 urbe,

346 901 503 947 cum
538 883 783 948 intrare
812 881 1103 958 vellent,³
1150 880 1430 965 excepit
1465 879 1756 944 insidiis.
1843 876 2049 944 Caesa
2079 876 2163 941 ad
2195 876 2548 941 duodecim

342 984 600 1052 millia:
646 986 835 1051 exuti
873 1005 1063 1071 paene
1105 1006 1337 1051 omnes
1384 985 1609 1062 armiS,
1662 982 1899 1048 domos
1948 982 2208 1066 passim
2241 980 2545 1064 palantes

341 1106 467 1171 per
496 1107 695 1171 agros
720 1088 1075 1171 diffugere3
1108 1107 1229 1153 uec
1252 1088 1583 1153 obsessos
1607 1087 1742 1151 alia
1762 1086 1901 1152 ulla
1931 1105 2060 1165 res,
2093 1104 2292 1168 quam
2315 1084 2548 1166 iniqua

341 1191 893 1275 oppugnantibus
943 1190 1201 1275 byemS,
1254 1190 1615 1255 tutabatur.
1723 1190 2029 1273 Triginta
2085 1188 2232 1253 dies
2281 1185 2546 1251 obsidio

338 1291 503 1359 fuit:
552 1313 675 1378 per
702 1313 880 1377 quos
913 1314 1059 1359 raro
1100 1312 1397 1376 unquam
1442 1293 1561 1357 nix
1592 1292 1812 1358 minus
1839 1300 2129 1377 quatuor
2157 1289 2363 1375 pedes
2403 1289 2546 1354 alta

329 1395 589 1480 jacuit:
638 1396 945 1481 adeoque
986 1395 1250 1479 pluteos
1290 1414 1374 1460 ac
1406 1395 1641 1461 vineas
1673 1394 2136 1461 Romanorum
2168 1398 2541 1478 operuerat,

340 1507 418 1563 ut
448 1518 533 1565 ea
561 1500 730 1577 sola,
772 1498 1036 1583 ignibus
1074 1499 1441 1583 aliquoties
1470 1498 1799 1583 conjectis
1840 1499 1930 1564 ab
1959 1499 2176 1575 hoste,
2207 1496 2410 1561 etiam
2443 1499 2541 1560 tu-

342 1610 707 1668 tamentum
738 1602 961 1669 fuerit.
1034 1602 1385 1669 Postremo
1410 1621 1561 1667 cum
1591 1600 1948 1668 Amusitus
1973 1601 2294 1687 princeps
2315 1617 2543 1663 eorum

338 1704 424 1770 ad
456 1704 953 1771 Hasdrubalem
982 1704 1415 1791 profugisset,
1459 1705 1692 1789 viginti
1732 1707 1978 1789 argenti
2009 1703 2282 1770 talentis
2299 1708 2324 1739 ⁶
2354 1701 2541 1786 pacti

338 1805 683 1873 deduntur.
766 1808 1213 1874 Tarraconem
1240 1808 1311 1873 in
1339 1808 1638 1893 hyberna
1667 1807 1956 1873 reditum
1985 1814 2110 1873 est.

420 1911 536 1977 62.
585 1910 821 1976 Romae
868 1917 981 1977 aut
1024 1914 1205 1978 circa
1250 1912 1482 1977 urbem
1501 1917 1536 1960 4
1584 1911 1796 1977 multa
1839 1931 1923 1977 ea
1969 1911 2208 1997 hyeme
2236 1907 2543 1995 prodigia

332 2011 561 2080 factat
607 2021 727 2080 aut
751 2012 971 2101 (quod
1003 2017 1270 2081 evenire
1296 2017 1523 2096 solet‚†
1561 2016 1765 2082 motis
1805 2016 2017 2081 semel
2047 2015 2117 2079 in
2145 2013 2540 2097 religionem

334 2114 621 2203 animis)
648 2119 863 2183 multa
884 2120 1186 2184 nuntiata
1231 2126 1305 2185 et
1344 2125 1589 2185 temere
1628 2118 1880 2186 credita
1907 2126 2106 2185 sunt:
2153 2118 2222 2183 in
2249 2118 2407 2204 quis
2437 2116 2542 2182 in·

332 2240 621 2303 genuum
654 2222 980 2288 infantem
1023 2229 1417 2288 semestrem
1458 2223 1527 2288 in
1573 2223 1720 2288 foro
1769 2217 2090 2287 olitoriod
2133 2220 2538 2305 triumphum

330 2324 702 2390 clamasse:
727 2332 753 2373 ⁵
782 2333 851 2392 et
868 2326 1014 2392 foro
1044 2326 1280 2391 boario
1308 2326 1556 2391 bovem
1588 2325 1658 2389 in
1689 2325 1950 2391 tertiam
1970 2323 2535 2407 contignationem

330 2445 461 2491 sua
492 2436 739 2512 sponte
768 2430 1167 2505 escendisse,
1194 2437 1401 2514 atque
1428 2427 1583 2493 inde
1606 2427 1903 2493 tumultu
1934 2427 2378 2493 habitatorum
2407 2434 2540 2492 ter-

325 2529 537 2595 ritum
568 2551 720 2598 sese
743 2532 1065 2618 dejecisse
1090 2553 1107 2594 :
1140 2540 1210 2599 et
1231 2535 1504 2599 navium
1533 2534 1833 2618 speciem
1858 2531 1942 2597 de
1973 2530 2152 2597 coelo
2177 2529 2536 2610 affulsisse,

327 2639 393 2699 et
428 2634 651 2700 aedem
682 2636 875 2723 Spei,
920 2658 1071 2723 quae
1104 2639 1311 2704 estin
1338 2636 1485 2703 foro
1520 2637 1802 2716 olitorio,
1846 2636 2126 2702 fulmine
2179 2636 2426 2702 ictam:
2472 2640 2540 2701 et

1085 526 1233 575 mn.
1279 526 1459 576 xxr.
1499 524 1667 575 οΑι».
1707 508 1816 576 62.

1592 2802 1621 2823 0

323 2901 481 2952 cilius
509 2900 959 2966 deprehenditur!
988 2903 1177 2955 Stroth.
1242 2903 1366 2955 vid.
1386 2905 1515 2957 Not.
1535 2904 1759 2955 Van—8
1794 2904 1951 2954 Matit
1981 2903 2205 2967 Rupert.
2226 2903 2354 2954 hund
2370 2903 2538 2968 procia

326 2967 463 3022 urbe.
477 2969 701 3030 4·me
720 2969 905 3020 intrare
924 2971 1111 3020 uellent.

386 3037 423 3082 4
458 3033 605 3086 Olim
638 3033 911 3100 legebatur
932 3035 1099 3086 Rana
1126 3040 1283 3088 sutem
1302 3041 1353 3088 et
1370 3035 1500 3088 circu
1520 3035 1698 3088 urben.
1763 3034 1916 3100 Conj.
1936 3032 1992 3086 J.
2014 3034 2077 3087 Ρ.
2097 3033 2330 3087 Gronov.
2363 3033 2533 3084 Roma

1319 3201 1535 3255 NOTAE

322 3303 480 3362 parte
502 3296 714 3348 Iberum
750 3299 1033 3366 attingunt,
1069 3299 1391 3352 intermediis
1474 3299 1768 3368 quingentis
1785 3306 1840 3350 et
1864 3298 2235 3366 quinqusgiuta
2254 3297 2430 3350 libris:
2453 3300 2531 3351 sle

319 3375 449 3425 hine
488 3375 791 3439 Lacetanis,
842 3375 965 3426 inde
1022 3377 1285 3428 Laletanis
1334 3384 1391 3428 et
1471 3377 1660 3442 viginti
1708 3377 1912 3428 talenta
1947 3375 2336 3442 respondebunt
2367 3374 2532 3427 ferme

322 3453 621 3503 &sennis-
681 3451 785 3502 Hic
811 3454 989 3518 itaque
1016 3455 1275 3505 Cosetuncs
1294 3469 1389 3519 pro
1470 3459 1651 3506 61600.
1677 3454 1820 3505 libris
1845 3455 2124 3504 Francicis.

320 3527 607 3580 Ausetanis
642 3529 825 3580 lubens
849 3531 1150 3590 scriberem,
1186 3531 1285 3580 nisi
1308 3545 1393 3581 cs·
1533 3541 1558 3590 ἡ
1596 3533 1737 3590 Quod
1773 3532 1960 3582 euenire
1983 3533 2121 3595 solet,
2154 3529 2262 3595 mn]
2313 3531 2392 3580 Ex
2431 3530 2530 3582 hoe

320 3613 419 3671 put
439 3605 813 3658 Cosetsuorum
845 3615 989 3658 esset
1006 3607 1255 3665 Tarraco,
1278 3606 1390 3660 Sci-

320 3683 539 3748 pionum
566 3696 717 3747 opus.
764 3681 870 3734 Sed
902 3683 1103 3734 illorum
1139 3683 1278 3735 forte
1298 3699 1389 3735 an·

320 3760 473 3823 gulus
514 3759 697 3824 uliquis
750 3759 1104 3812 Tarraconem
1150 3763 1288 3812 inter
1332 3767 1388 3812 et

322 3834 535 3886 Iberum
558 3849 591 3884 u
606 3835 852 3886 Romanis
872 3845 997 3888 tunc
1012 3837 1304 3891 defecerat.

382 3911 411 3946 ¹⁹
448 3911 577 3963 Urbe
591 3927 753 3964 eorum
766 3913 973 3979 obsessa]
1006 3914 1386 3967 Ausetanorum

316 3989 445 4039 urbs
480 3986 627 4040 Ausa
658 3990 946 4050 dicebatur,
988 4003 1170 4057 postea
1194 3994 1385 4061 Aqua-

317 4066 589 4123 Vocouiae,
612 4081 751 4118 nnnc
776 4068 863 4119 Vic
876 4067 1109 4122 d’Ososu.

381 4152 407 4179 ⁶
447 4143 645 4208 Viginti
675 4147 867 4208 argenti
886 4149 1100 4214 talentis]
1133 4149 1387 4202 Ostendi·

314 4236 437 4273 nus
464 4221 667 4273 ratione
702 4223 879 4275 babitu
902 4227 1147 4289 ponderis
1169 4234 1226 4279 et
1246 4242 1387 4278 com·

316 4299 591 4364 paratione
612 4298 755 4350 faeta
774 4302 981 4366 argenti
1004 4302 1068 4354 sd
1092 4311 1385 4368 argentum,

316 4377 520 4426 talentu
554 4375 643 4426 ina
677 4377 985 4442 equiperari
1010 4393 1163 4444 posse
1185 4378 1383 4430 duobus

316 4451 549 4502 millibus
572 4449 821 4504 librarum
840 4455 1171 4521 nostratium,
1191 4454 1382 4506 additis

1468 3610 1583 3661 loco
1605 3607 1843 3660 exclusuri
1867 3613 2042 3673 potest
2077 3607 2322 3672 frequens
2354 3608 2532 3672 prodi-

1468 3687 1670 3750 giorum
1722 3685 2159 3747 commemoratio,
2216 3699 2334 3749 quae
2388 3685 2529 3749 apud

1466 3762 1670 3813 Livium
1707 3761 1966 3813 occurrit:
2007 3775 2071 3812 ne
2109 3761 2228 3828 quis
2263 3774 2381 3810 euni
2419 3775 2529 3811 om·

1466 3839 1549 3890 nia
1572 3837 1858 3889 credidisse
1891 3845 2064 3904 putet,
2097 3851 2212 3905 qun
2245 3843 2438 3887 narrat.
2469 3838 2528 3886 J.

1468 3915 1701 3966 Clericus.

1528 3990 1553 4026 ἃ
1588 3991 1774 4052 Insere
1797 3989 2009 4054 etiem-io]
2039 3989 2161 4039 Fuit
2193 3985 2358 4040 forum
2379 3987 2527 4039 olito-

1464 4067 1599 4118 rium
1634 4069 1686 4118 in
1712 4067 1924 4132 regione
1954 4065 2115 4116 Urbis
2151 4064 2420 4116 undecima
2457 4079 2526 4116 ex

1465 4143 1694 4211 Augusti
1737 4143 2109 4209 descriptione,
2162 4141 2296 4193 baud
2341 4144 2524 4209 procul

1468 4222 1622 4274 Circo
1665 4222 1924 4272 maximo:
1983 4219 2054 4271 ibi
2097 4219 2210 4270 fere
2253 4218 2342 4270 ubi
2385 4233 2524 4272 nuuc

1464 4300 1651 4351 Pium
1670 4299 1976 4348 Monta-ara.
2029 4296 2276 4348 Butrium
2299 4309 2422 4346 vero
2446 4310 2526 4346 re·

1464 4379 1617 4444 gione
1639 4376 1798 4428 Urbis
1819 4383 2024 4432 octavu,
2059 4389 2174 4440 quaa
2197 4380 2279 4424 est
2299 4369 2398 4424 fori
2421 4373 2523 4424 Ro·

1460 4455 1620 4520 mani,
1639 4466 1739 4504 nec
1763 4451 1944 4519 procui
1966 4450 2030 4502 sb
2049 4449 2277 4502 olitorio.
