3300 5225
976 511 1121 560 mn.
1167 510 1344 562 xxi.
1389 511 1557 562 cu».
1599 497 1711 564 11.
2274 501 2447 570 1671

239 669 316 717 ac
361 650 675 726 detestor.
763 653 832 720 N
835 663 916 720 ec
967 654 1350 722 dedendum
1405 657 1625 724 solum
1680 659 1751 724 id
1800 657 2145 743 piaculum
2166 667 2225 712 ¹⁹
2262 662 2449 747 rupti

237 754 556 836 foederis;
601 755 747 837 sed,
801 759 862 823 si
905 779 1102 824 nemo
1145 759 1497 844 deposcat,
1543 761 2003 828 devehendum
2048 763 2118 828 in
2164 763 2447 830 ultimas

234 859 436 924 maris
469 865 931 946 terrarumque
959 883 1139 943 oraS,
1169 863 1753 949 ablegandumque
1776 872 1953 944 eo,²0
1992 864 2169 932 unde
2200 881 2323 934 nec
2354 867 2447 934 ad

238 980 360 1028 nos
387 982 640 1030 nomen
665 967 982 1051 famaque
1013 967 1160 1052 ejus
1191 968 1532 1046 accedere,
1567 987 1785 1054 neque
1814 969 2157 1038 solicitata
2188 970 2445 1056 quietae

241 1065 542 1134 civitatis
569 1075 820 1136 statum
850 1071 1090 1154 possit.
1178 1069 1324 1154 Ego
1354 1071 1456 1136 ita
1485 1091 1757 1150 censeo,
1786 1071 2053 1157 legatos
2096 1074 2449 1158 extemplo

242 1165 532 1236 Romam
587 1173 972 1251 mittendos,
1023 1174 1144 1258 qui
1194 1175 1467 1242 senatui
1519 1177 1693 1242 satis
1739 1175 2033 1244 saciant:
2080 1179 2277 1258 alios,
2330 1176 2453 1263 qui

241 1271 616 1342 Hannibali
645 1278 974 1356 nuntient,
1006 1285 1086 1342 ut
1117 1279 1484 1345 exercitum
1529 1279 1616 1344 ab
1660 1278 1967 1362 Sagunto
1998 1279 2317 1360 abducat,
2344 1279 2455 1364 ip·

239 1395 524 1466 sumque
559 1379 1020 1446 Hannibalem
1052 1399 1140 1446 ex
1171 1381 1426 1448 foedere
1457 1379 1795 1448 Romanis
1819 1382 2095 1448 dedant.
2148 1382 2451 1449 Tertiam

239 1481 644 1565 legationem
667 1483 754 1550 ad
781 1505 886 1549 res
917 1483 1300 1568 Saguntinis
1323 1478 1697 1552 reddendas
1734 1483 2067 1552 decerno.’

322 1585 432 1650 11.
480 1583 653 1652 Cum
688 1585 942 1654 Hanno
971 1599 1380 1673 perorasset,
1405 1590 1655 1656 nemini
1686 1591 1982 1656 omnium
2012 1597 2453 1658 certarem-a-

241 1690 430 1755 tione
485 1709 638 1756 cnm
690 1711 776 1755 eo
819 1709 1102 1757 necesse
1151 1691 1304 1758 suit.
1390 1691 1592 1758 Adeo
1639 1711 1851 1779 prope
1898 1693 2115 1758 omnis
2170 1700 2455 1760 senatus

241 1791 650 1860 Hannibalis
703 1801 888 1876 erat3
929 1795 1380 1880 infestiusque
1421 1795 1721 1862 locutum
1767 1798 2137 1878 arguebant
2168 1797 2455 1862 Hanno—

237 1915 420 1975 nem,
453 1917 660 1982 quam
712 1897 1034 1963 Flaccum
1068 1897 1438 1977 Valerium,
1477 1899 1770 1982 legatum
1813 1899 2224 1966 Romanum.
2312 1897 2456 1966 Re-

238 2019 568 2084 sponsum
623 2001 780 2066 inde
837 2001 1082 2084 legatis
1135 2001 1468 2068 Romanis
1527 2008 1655 2082 est,
1720 2007 1743 2038 ‘
1776 2002 2041 2068 Bellum
2094 2009 2306 2068 ortum
2368 2003 2455 2068 ab

238 2101 660 2186 Saguntinis,
691 2124 826 2170 nou
873 2105 962 2170 ab
1005 2103 1398 2170 Hannibale
1433 2125 1615 2171 esse.
1707 2104 2039 2189 Populum
2075 2103 2455 2170 Romanum

236 2205 492 2290 injuste
524 2207 772 2286 facere,
798 2207 856 2272 si
877 2207 1288 2288 Saguntinos
1305 2207 1787 2275 vetustissimae
1810 2207 2455 2290 Carthaginiensium

239 2311 560 2376 societati
589 2309 992 2395 praeponat.'
1079 2311 1264 2377 Dum
1293 2309 1588 2380 Romani
1630 2320 1901 2396 tempus
1932 2317 2155 2376 terunt
2180 2311 2454 2394 legatio-

237 2413 446 2478 nibus
493 2414 864 2492 mittendiS,
923 2413 1287 2494 Hannibal,
1345 2417 1511 2501 quia
1559 2416 1818 2481 fessum
1870 2413 2147 2479 militem
2196 2413 2453 2498 praeliis

238 2517 700 2602 operibusque
727 2516 1048 2592 habebat,
1097 2537 1470 2602 paucorum
1516 2519 1600 2584 iis
1633 2519 1892 2584 dierum
1921 2517 2210 2602 quietem
2243 2514 2455 2597 dedit,

239 2621 658 2685 stationibus
687 2621 774 2687 ad
803 2620 1186 2687 custodiam
1209 2624 1548 2689 vinearum
1580 2621 1995 2706 aliorumque
2021 2639 2299 2705 operum
2320 2620 2456 2685 dis-

238 2724 512 2807 positis.
601 2724 876 2790 Interim
920 2726 1184 2791 animos
1216 2746 1444 2791 eorum
1487 2745 1663 2792 nunc
1698 2727 1799 2791 ira
1836 2726 1907 2790 in
1944 2723 2179 2789 hostes
2221 2722 2457 2787 stimu-

239 2826 501 2908 lando,¹
547 2846 726 2892 nunc
755 2848 881 2913 spe
911 2830 1337 2913 praemiorum
1372 2828 1709 2895 accendit.
1794 2826 1897 2893 Ut
1924 2846 2085 2892 vero
2132 2844 2255 2911 pro
2294 2844 2455 2890 con-

239 2927 434 2995 cione
463 2930 764 3014 praedam
783 2936 1003 3015 captae
1032 2930 1210 2996 urbis
1240 2930 1458 2996 edixit
1481 2932 1758 2996 militum
1786 2926 1957 3009 fore,
1982 2928 2155 2993 adeo
2187 2928 2458 2993 accensi

238 3052 480 3098 omnes
510 3040 693 3110 sunt,
723 3040 826 3111 ut,
873 3034 933 3097 si
981 3034 1326 3119 extemplo
1359 3034 1626 3118 signum
1669 3033 1896 3098 datum
1926 3038 2126 3110 esset,
2170 3032 2357 3096 nulla
2386 3032 2457 3096 vi

237 3134 473 3200 resisti
518 3135 866 3201 videretur
919 3156 1138 3221 posse.
1229 3137 1584 3221 Saguntini
1636 3142 1713 3203 ut
1757 3155 1801 3201 a
1853 3134 2107 3221 praeliis
2165 3134 2459 3219 quietem

238 3236 638 3309 habuerant,
667 3258 788 3303 nec
819 3238 1254 3319 lacessentes,
1286 3258 1410 3305 nec
1461 3238 1765 3305 lacessiti
1817 3258 1937 3322 per
1984 3236 2243 3321 aliquot
2272 3236 2459 3319 dies3

238 3342 348 3407 ita
389 3360 530 3405 non
571 3349 800 3421 nocte,
828 3362 958 3406 non
1009 3340 1120 3408 die
1167 3363 1469 3428 unquam
1521 3346 1962 3408 cessaverant
2004 3341 2090 3405 ab
2120 3358 2352 3423 opere,
2380 3341 2457 3402 nt

241 3450 546 3511 novum²
607 3465 865 3510 murum
925 3445 1014 3511 ab
1075 3464 1158 3509 ea
1218 3452 1436 3531 parte,
1487 3464 1624 3529 qua
1672 3444 2083 3529 patefactum
2132 3440 2458 3527 oppidum

1173 3643 1534 3667 OOOOOmOOOO

243 3777 459 3828 nien-es
497 3774 664 3826 Italia
697 3774 1029 3827 abstineant!
1063 3777 1386 3830 Stroth—19
1416 3778 1502 3829 Al.
1536 3780 1600 3829 ad
1625 3776 1878 3842 piaculum.
1944 3774 2065 3826 vid.
2102 3773 2231 3825 Not.
2268 3772 2461 3824 var.—

242 3848 316 3893 ²0
337 3852 352 3873 ‘
367 3842 790 3905 Auegaadumque
812 3857 896 3891 eo.-
929 3842 1118 3893 oblitus
1143 3854 1222 3893 est
1245 3846 1356 3895 Liv.
1380 3843 1570 3895 addere
1591 3858 1751 3894 censeo
1764 3859 1785 3901 ;
1812 3840 1909 3891 nisi
1932 3840 2175 3905 supplere
2196 3839 2339 3889 malit
2360 3845 2461 3889 est.-

243 3908 386 3973 quod
426 3918 602 3957 tannen
635 3922 734 3956 non
775 3908 969 3973 placet,
1005 3923 1067 3958 ac
1092 3910 1244 3960 nimis
1276 3909 1555 3975 praefracte
1579 3910 1777 3958 dictum
1802 3909 1869 3958 sit
1892 3922 1921 3955 a
1945 3915 2188 3957 senatore
2212 3912 2461 3955 censente

243 3988 343 4039 pro
367 3976 508 4024 virili
535 3982 715 4035 ραι-ως
747 3973 939 4023 Bauer.
1007 3974 1168 4025 Forte
1199 3975 1302 4039 leg.
1334 3976 1732 4039 ablegandumque
1750 3988 1823 4037 eo,
1844 3976 1967 4023 uude
1984 4007 2025 4024 ..
2041 3972 2235 4035 mos-rit,
2254 3969 2467 4033 equidem

243 4054 442 4099 ειειεος
473 4046 524 4089 et
546 4040 730 4101 legatos
750 4048 852 4091 cet.
874 4074 888 4089 .
907 4072 922 4091 .
941 4041 1092 4090 ande
1127 4057 1211 4091 nec
1231 4043 1296 4091 ad
1328 4057 1417 4091 nos
1444 4054 1613 4091 nomen
1631 4040 1861 4103 famaque
1895 4038 1995 4100 <ius
2026 4038 2243 4087 accedere
2271 4032 2462 4099 posset:

243 4106 474 4171 Rupert.
525 4110 542 4132 ‘
557 4102 808 4159 Auudere
827 4104 1040 4155 videtur
1059 4105 1124 4155 ad
1150 4107 1340 4157 veteris
1358 4106 1526 4169 poetae
1548 4106 1673 4157 illud
1698 4106 1886 4167 saepius
1909 4118 1939 4153 a
1958 4104 2208 4153 Cicerone
2224 4103 2275 4150 in
2298 4114 2355 4149 se
2377 4114 2464 4149 ac-

247 4170 670 4221 commodatum:
694 4171 710 4197 ‘
734 4170 1004 4233 pervenire
1028 4172 1196 4236 aliquo
1219 4173 1390 4236 eripio,
1403 4172 1498 4223 ubi
1523 4186 1624 4221 non
1647 4169 2015 4234 Pelopidarum
2040 4181 2225 4217 nomeu
2249 4164 2463 4215 famam·

247 4252 348 4301 que
373 4234 660 4286 audiam.”
691 4233 879 4285 Stroth.
943 4238 960 4265 ⁸
987 4236 1176 4285 Melius
1200 4235 1336 4288 forte
1356 4238 1584 4294 accidere,
1622 4236 1767 4300 qnasi
1808 4250 1935 4284 aura
1957 4240 2213 4295 ventoque
2246 4232 2460 4280 allatum

246 4302 458 4351 auribus
483 4299 761 4352 accidere:
799 4300 892 4349 sed
914 4307 968 4350 et
989 4304 1205 4353 accedere
1234 4318 1328 4368 pro
1365 4304 1663 4369 pervenire,
1695 4298 1937 4367 perferri,
1959 4296 2245 4365 probetur.'
2278 4296 2463 4347 Bauer.

247 4368 488 4419 Accidere
509 4367 740 4416 malebat
761 4366 816 4417 J.
839 4366 899 4416 F.
921 4366 1084 4417 Gron.

313 4438 340 4483 1
381 4433 540 4497 Conj.
575 4432 633 4485 J.
669 4431 730 4483 F.
765 4431 998 4484 Gronov.
1041 4432 1349 4491 stimulanda,
1387 4432 1536 4499 prob.
1575 4432 1865 4484 Rauen—2
1898 4435 1915 4461 ⁸
1938 4429 2099 4483 Forte
2134 4441 2305 4479 novum
2340 4425 2469 4480 dell
