3300 5225
1066 501 1214 551 mn.
1262 499 1441 550 xxi.
1488 500 1654 549 car.
1695 484 1806 551 21.
2369 480 2538 549 1687

321 644 671 713 ilamnlto
698 652 879 731 post,
910 665 1112 732 qnam
1140 644 1445 713 consules
1474 643 1545 719 in
1571 643 1964 728 provincias
2009 644 2296 731 profecti
2323 651 2533 713 erant.

325 743 693 816 Civitatem
722 768 980 815 omnem
1010 749 1079 814 in
1120 747 1670 833 expectationem
1716 747 1880 813 belli
1924 754 2212 813 erectam
2261 750 2536 815 invene-

322 858 503 929 runt,
556 852 727 917 satis
771 856 1127 919 constante
1173 850 1379 931 fama,
1420 848 1565 935 jam
1613 848 1880 916 Iberum
1922 850 2180 916 Poenos
2226 850 2532 917 transmi-

321 954 553 1019 sisse.⁹

406 1056 521 1121 21.
569 1056 940 1135 Hannibal,
1000 1056 1301 1138 Sagunto
1356 1062 1582 1143 capto,
1633 1056 2112 1141 Carthaginem
2163 1076 2408 1123 novam
2461 1058 2530 1123 ia

324 1160 633 1245 hyberna
682 1165 1130 1225 concesserat.
1218 1160 1486 1245 Ibique,
1517 1159 1796 1239 auditis,
1826 1178 1986 1245 quoe
2029 1159 2302 1239 Romae,
2341 1180 2532 1247 quae·

321 1284 453 1348 que
484 1262 893 1345 Carthagine
922 1268 1080 1329 acta
1108 1262 1515 1348 decretaque
1558 1261 1800 1342 forent,
1847 1280 2058 1348 seque
2109 1281 2246 1328 non
2287 1262 2531 1329 ducem

322 1366 575 1445 solnm,
606 1365 730 1432 sed
760 1366 963 1433 etiam
994 1384 1267 1432 causam
1301 1384 1459 1430 esse
1500 1362 1682 1437 belli,
1733 1366 2000 1451 partitis
2032 1364 2530 1453 divenditisque

322 1468 630 1553 reliquiis
650 1465 923 1553 praedoe,
954 1468 1121 1533 nihil
1153 1467 1333 1533 ultra
1362 1466 1790 1533 differendum
1817 1476 2024 1545 ratus,
2073 1468 2373 1553 Hispani
2417 1488 2532 1553 ge-

320 1572 503 1636 neris
534 1570 781 1637 milites
809 1577 1189 1637 convocat:
1236 1574 1257 1606 ‘
1284 1569 1506 1637 Credo
1532 1590 1660 1654 ego
1689 1568 1860 1649 vos,'
1903 1569 2144 1656 inquit,
2189 1576 2212 1607 ‘
2237 1571 2430 1650 socii,
2459 1578 2532 1637 et

318 1674 519 1758 ipsos
548 1692 836 1753 cernere,
866 1672 1135 1758 pacatis
1164 1673 1475 1739 omnibus
1505 1672 1869 1758 Hispaniae
1899 1673 2198 1759 populis,
2231 1680 2353 1740 aut
2379 1672 2528 1739 fini-

318 1775 561 1841 endam
590 1775 785 1842 nobis
806 1783 863 1818 ¹0
891 1775 1202 1841 militiam
1226 1777 1706 1863 exercitusque
1737 1775 2178 1843 dimittendos
2207 1796 2383 1856 esse,
2411 1783 2531 1843 ant

316 1880 385 1944 in
419 1879 601 1945 alias
630 1884 845 1945 terras
877 1879 1399 1946 transferendum
1434 1880 1678 1946 bellum
1705 1900 1725 1945 z
1769 1880 1864 1945 ita
1891 1878 2066 1945 enim
2103 1880 2212 1946 hae
2259 1884 2530 1963 gentes'

316 2004 457 2050 non
485 1982 683 2069 pacis
711 1982 956 2063 solum,
987 1982 1109 2049 sed
1140 1984 1344 2047 etiam
1377 1982 1706 2063 victoriae,
1735 1971 1932 2047 bonis
1963 1979 2316 2060 florebunt,
2343 1980 2404 2047 si
2433 2000 2528 2047 ex

316 2086 475 2153 aliis
504 2084 819 2171 gentibus
848 2084 1143 2170 proedam
1172 2092 1244 2151 et
1270 2084 1553 2167 gloriam
1584 2104 1990 2171 quaeremus·
2083 2083 2344 2170 ltaque,
2371 2104 2528 2151 cnm

314 2189 693 2275 longinqua
722 2189 811 2254 ab
840 2188 1043 2255 domo
1072 2188 1268 2253 instet
1296 2186 1557 2263 militia,
1606 2188 2070 2271 incertumque
2099 2186 2214 2265 sit,
2257 2186 2529 2273 qnando

318 2292 565 2359 domos
593 2298 884 2370 vestras,
930 2299 1003 2357 et
1031 2309 1191 2376 quae
1222 2290 1467 2375 cuique
1496 2291 1591 2356 ibi
1620 2310 1780 2356 cara
1811 2292 2044 2371 sunt,¹'
2089 2288 2304 2355 visuri
2349 2289 2526 2372 sitis,

316 2396 377 2461 si
406 2396 567 2482 quis
597 2400 890 2459 vestrum
922 2413 1087 2460 suos
1115 2394 1403 2459 invisere
1432 2394 1605 2475 vult,
1634 2398 2078 2459 commeatum
2111 2393 2228 2460 do.
2295 2392 2528 2459 Primo

316 2517 501 2577 vere,
534 2496 760 2576 edico,
791 2496 1059 2577 adsitis,
1081 2501 1183 2573 ut,
1200 2497 1356 2563 Diis
1384 2498 1557 2563 bene
1574 2497 1997 2583 juvantibus,
2017 2496 2268 2562 bellum
2297 2496 2528 2580 ingen-

314 2601 401 2668 tis
424 2600 661 2685 gloriae
691 2600 1079 2686 praedoeque
1118 2598 1421 2666 fututum
1470 2598 1918 2687 incipiamus?
2005 2599 2338 2666 Omnibus
2386 2598 2526 2664 fere

314 2703 587 2770 visendi
618 2702 857 2770 domos
889 2704 1127 2772 oblata
1155 2703 1337 2770 ultro
1363 2713 1680 2789 potestas
1708 2713 1901 2789 grata
1928 2711 2098 2784 erat,
2125 2711 2196 2769 et
2230 2703 2377 2789 j'am
2409 2703 2524 2768 de-

320 2806 777 2872 siderantibus
808 2795 999 2886 suos,
1036 2814 1107 2873 et
1132 2807 1395 2892 longius
1426 2808 1493 2871 in
1520 2807 1820 2874 faturum
1855 2806 2386 2892 providentibus
2409 2805 2524 2870 de-

318 2909 636 2980 derium
645 2921 689 2974 .·
774 2907 909 2976 Per
935 2914 1147 2976 totum
1178 2915 1445 2996 tempus
1485 2909 1746 2996 hyemis
1773 2911 1970 2998 quies
2014 2911 2186 2975 inter
2235 2909 2525 2986 labores,

320 3021 437 3080 ant
452 3013 607 3099 jam
637 3011 1033 3090 exhaustos,
1086 3020 1208 3079 aut
1236 3032 1400 3078 mox
1428 3012 1957 3093 exhauriendos,
2001 3013 2344 3078 renovavit
2373 3030 2522 3078 cor·

317 3135 490 3201 pora
516 3117 917 3202 animosque
946 3116 1035 3182 ad
1066 3116 1295 3181 omnia
1315 3114 1401 3181 de
1434 3115 1687 3199 integro
1715 3115 2054 3200 patienda.
2100 3113 2278 3182 Vere
2303 3115 2522 3199 primo

316 3219 403 3285 ad
448 3219 751 3285 edictum
797 3237 1197 3284 convenere.
1285 3217 1662 3294 Hannibal,
1693 3239 1848 3284 cum
1899 3217 2352 3286 recensuisset
2379 3237 2524 3283 om-

316 3323 497 3389 nium
528 3321 793 3388 auxilia
842 3322 1158 3407 gentium,
1188 3317 1464 3387 Gades‘
1501 3319 1850 3405 profectus
1898 3319 2188 3387 Herculi
2217 3325 2378 3387 vota
2403 3339 2520 3384 ex-

317 3538 968 3658 &tn-snam?
986 3539 1047 3591 ob
1067 3537 1613 3602 dismasmiliis
1630 3535 2256 3605 remmam-tim
2277 3550 2360 3588 ω
2382 3535 2519 3586 oet-e·

1234 3713 1603 3738 OOOOmOOOOO

319 3819 451 3874 Edd-
473 3825 601 3870 ante
624 3817 893 3870 vrak-8
923 3817 1069 3868 Olim
1090 3817 1365 3883 legebatur
1382 3817 1868 3870 moniacam—s
1899 3813 2035 3866 md.
2059 3821 2194 3866 antt.
2212 3813 2459 3867 erminu-

1308 3973 1527 4030 Nou:

374 4084 395 4111 ⁸
424 4076 528 4126 Hae
556 4075 753 4140 gmon]
786 4073 1058 4141 Hispanae.
1459 4071 1567 4125 Sed
1588 4072 1775 4130 minor.
1797 4071 1850 4122 in
1873 4085 1974 4137 qna
1993 4069 2120 4122 urbs
2141 4067 2254 4134 ipsa
2275 4066 2524 4132 Gadium,

380 4156 399 4188 ⁸
424 4153 615 4218 Gades]
654 4154 789 4204 Duo
810 4153 929 4204 olim
951 4152 1115 4204 fuisse
1137 4152 1381 4204 dicuntur
1460 4149 1549 4201 nbi
1589 4157 1646 4201 et
1691 4148 1992 4214 Geryonem
2033 4145 2292 4198 habitasse
2323 4145 2522 4208 volunt,

319 4227 499 4281 Insula
534 4231 591 4282 in
620 4227 796 4280 fronte
834 4229 1105 4295 Hispania
1141 4229 1380 4292 Baticoe,
1411 4289 1421 4297 ,
1460 4227 1674 4293 proprio
1697 4226 1906 4278 nomine
1919 4224 2154 4290 Erythia,
2167 4228 2374 4274 centnm
2390 4220 2522 4271 dun-

318 4307 450 4355 nltra
488 4305 685 4357 fretam
725 4304 1065 4368 Herculeum,
1094 4304 1232 4372 qnod
1258 4303 1381 4356 inde
1460 4311 1613 4356 taxat
1667 4301 1900 4370 passibus
1950 4302 2192 4368 sejuncta
2234 4314 2266 4350 a
2308 4297 2526 4363 maJore,

320 4381 633 4435 Gaditanam
671 4395 879 4450 qnoque
914 4391 998 4436 est
1036 4382 1381 4450 appellatum.
1450 4380 1654 4448 ,iamdiu
1677 4393 1778 4434 non
1807 4385 1976 4446 extat,
2009 4385 2102 4431 ant
2133 4391 2252 4430 cnm
2283 4375 2382 4429 bac
2401 4387 2524 4427 eoa-
