3300 5225
805 492 977 561 1628
1351 492 1360 503 '
1768 509 1840 559 τ.
1888 508 2079 561 mvn

1129 664 1238 711 111.
1281 648 1498 712 Nonas
1539 648 1813 713 Martias.
1912 650 2113 712 Causa
2151 652 2280 731 ejus
2328 650 2561 712 consilii
2598 649 2813 722 fuerat,
2858 648 3022 733 quod

1124 749 1251 829 ipse
1291 749 1404 809 sibi
1444 768 1535 809 res
1567 750 1867 831 triumpho
1900 750 2111 828 dignas
2149 749 2388 827 gessisse
2430 747 2763 819 videbatur,
2804 758 3026 829 pacata

835 850 950 901 Val.
963 854 1099 904 Max.
1124 844 1364 905 tandem
1410 844 1693 906 Corsica:
1738 864 1929 926 neque
1974 845 2052 906 ab
2092 854 2297 906 senatu
2338 845 2619 905 honorem
2656 863 2792 903 eum
2831 847 3021 927 impe-

800 931 883 969 ¹¹¹·
909 922 958 969 ⁰·
981 926 1029 971 ⁵·
1121 942 1338 1002 trabat.
1414 941 1609 1025 quue
1634 942 1915 1023 deinceps
1938 941 2277 1023 exemplum
2303 942 2503 1001 multis
2526 940 2605 1000 ad
2630 941 3021 1003 imitationem

1123 1037 1371 1118 placuit,
1410 1048 1477 1099 ut
1511 1048 1726 1119 negato
1758 1040 1872 1098 sibi
1898 1039 2197 1119 triumpho
2224 1039 2283 1098 in
2311 1037 2559 1099 Albano
2584 1046 2783 1097 monte
2806 1038 3019 1097 trium-

830 1130 963 1183 Ptin.
984 1147 1076 1184 Π·
1123 1136 1392 1216 pharent.
1475 1136 1785 1217 Spectavit
1822 1135 2037 1196 deinde
2084 1135 2256 1195 ludos
2298 1142 2493 1215 myrto
2534 1142 2869 1205 coronatus,
2913 1133 3019 1194 de-

792 1200 922 1313 {gin
935 1262 986 1311 i„
995 1276 1101 1311 voc.
1123 1232 1278 1293 lecta
1302 1233 1414 1294 hac
1439 1252 1659 1293 corona
1683 1233 1761 1293 ob
1788 1234 2129 1293 memoriam
2156 1232 2241 1291 rei
2266 1240 2466 1311 gestae,
2491 1229 2654 1311 quod
2692 1231 2755 1289 in
2788 1233 3022 1312 campis

795 1332 812 1353 ‘
829 1325 1057 1392 Μῖηθδῖ
1121 1330 1364 1409 myrteis
1383 1328 1600 1389 Corsos
1623 1336 2021 1409 superaverat.

797 1438 966 1491 Ζοιιαι.
1199 1432 1299 1484 23.
1343 1424 1637 1485 Sardiniae
1680 1424 2057 1503 Corsicaeque
2098 1422 2353 1483 motibus
2382 1421 2741 1501 compositis,
2772 1420 3021 1500 Ligures

1117 1521 1439 1591 restabant,
1461 1520 1740 1581 adversus
1766 1540 1915 1600 quos
1939 1520 2099 1578 missi
2122 1518 2392 1579 consules
2419 1518 2511 1578 M.
2534 1518 2814 1577 AEmilius
2840 1518 2909 1577 L.
2942 1517 3015 1578 F.

1118 1616 1202 1683 Q.
1226 1615 1315 1677 N.
1345 1617 1638 1687 Barbula,
1664 1617 1755 1677 M.
1778 1616 1818 1675 J
1824 1616 1995 1676 unius
2024 1614 2106 1675 D.
2131 1614 2203 1675 F.
2227 1613 2311 1674 D.
2336 1612 2424 1674 N.
2453 1611 2681 1685 Pera,s
2698 1614 2851 1673 inter
2876 1634 3014 1695 pro-

1114 1711 1493 1774 ficiscendum
1535 1722 1840 1794 comperto
1883 1710 2099 1772 Gallos
2142 1712 2316 1771 rebus
2358 1711 2525 1771 novis
2566 1709 2823 1782 studere,
2866 1710 3017 1771 fines

1113 1808 1348 1869 illorum
1389 1830 1525 1870 cum
1571 1810 1837 1870 exercitu
1881 1811 2268 1870 intraverunt.
2374 1806 2633 1866 Irritatis
2674 1807 2835 1866 enim
2880 1806 3013 1886 lege

1117 1904 1412 1967 Flaminia
1448 1906 1767 1967 Gallorum
1807 1906 2039 1976 animiS,
2066 1914 2239 1965 natus
2268 1912 2408 1964 'erat
2443 1912 2633 1963 metus
2668 1902 2908 1974 Romae,
2936 1925 3015 1965 ne

1111 2001 1258 2081 quid
1285 2004 1626 2063 molirentur
1649 2002 1916 2063 homines
1941 2002 2061 2061 laeti
2090 2002 2274 2072 bello,
2294 2010 2356 2061 et
2374 2000 2451 2059 ad
2476 2000 2624 2060 iram
2643 2001 3011 2081 praecipitae:

1111 2118 1294 2178 quare
1329 2121 1516 2181 nuper
1550 2100 1813 2161 edictum
1850 2098 2045 2159 fuerat
2077 2120 2115 2158 a
2150 2098 2605 2177 magistratibus,
2632 2116 2707 2156 ne
2731 2098 2867 2177 quis
2901 2098 3011 2158 ho-

1109 2195 1257 2255 mini
1297 2194 1484 2256 Gallo
1509 2216 1717 2256 aurum
1744 2195 1840 2257 vel
1878 2203 2183 2274 argentum
2208 2194 2394 2254 daret.
2479 2191 2619 2252 Boii
2652 2193 2811 2252 enim
2846 2204 3008 2254 cete-

1107 2290 1274 2371 rique
1320 2290 1513 2365 Galli,
1558 2301 1687 2353 tum
1732 2312 1809 2351 ex
1856 2292 2109 2352 aliarum
2153 2310 2367 2362 rerum,
2408 2299 2535 2349 tum
2577 2290 3011 2370 mancipiorum

1107 2388 1444 2449 venditione
1497 2390 1793 2468 ingentem
1836 2388 2149 2469 pecuniam
2197 2386 2523 2465 cogebant:
2576 2385 3009 2469 incesseratque

1107 2485 1386 2565 suspici0,
1411 2504 1486 2544 ne
1522 2485 1635 2544 ista
1670 2483 1749 2544 ad
1776 2484 1997 2544 bellum
2030 2482 2367 2543 Romanum
2394 2490 2715 2542 uterentur.
2800 2484 3009 2549 Quare

1107 2582 1294 2660 magis
1331 2582 1513 2642 etiam
1549 2582 1802 2653 incitati,
1826 2580 2063 2660 cognito
2104 2579 2443 2641 consulibus
2476 2578 2841 2658 Ligusticum
2876 2580 3005 2640 bel-

1108 2677 1232 2738 lum
1258 2699 1380 2738 esse
1406 2678 1731 2749 decretum,
1758 2677 2009 2739 occultis
2026 2677 2289 2738 consiliis
2306 2676 2419 2736 hoc
2438 2695 2611 2754 agere
2630 2674 3005 2750 dicebantur,

815 2791 990 2860 Polyb.
1018 2810 1080 2849 n.
1109 2783 1176 2834 ut
1212 2775 1569 2836 exercitibus
1607 2773 1901 2834 Romanis
1939 2772 2317 2855 expeditione
2362 2771 2687 2853 longinqua
2727 2770 3005 2846 detentiS,

782 2861 936 2972 2³⁰3„
1105 2871 1217 2951 ipsi
1257 2873 1463 2931 urbem
1504 2870 1977 2950 aggrederentur.
2072 2869 2352 2928 Ceterum
2394 2867 2651 2928 adventu
2693 2870 3005 2930 consulum

936 2958 950 2975 ⁸
1103 2968 1312 3037 territi,
1357 2987 1494 3028 cum
1536 2967 1611 3027 ad
1653 2967 1775 3028 vim
1818 2964 2151 3026 faciendam
2196 2965 2467 3046 imparati
2514 2973 2725 3036 essent,
2768 2963 3000 3028 Roma-

1103 3082 1209 3122 nos
1243 3064 1304 3122 in
1347 3065 1512 3144 pacis
1537 3064 1933 3143 amicitiaeque
1957 3064 2213 3143 speciem
2252 3060 2543 3122 simulatis
2568 3059 2865 3141 obsequiis
2890 3083 3000 3124 ex-

1100 3179 1330 3240 cepere.
1426 3160 1718 3221 Consules
1758 3179 2013 3241 quoque,
2058 3158 2281 3219 bellum
2319 3157 2669 3238 oppressisse
2712 3163 2999 3234 contenti,

1100 3275 1338 3316 causam
1364 3277 1469 3317 cur
1493 3277 1565 3316 eo
1591 3258 1887 3316 venissent
1902 3255 2165 3324 finxere,
2192 3264 2211 3290 ‘
2236 3263 2303 3315 ut
2326 3274 2431 3335 per
2456 3252 2764 3314 Gallicum
2790 3275 2999 3333 agrum

1101 3352 1462 3413 commodius
1495 3355 1822 3414 exercitum
1858 3354 1917 3412 in
1946 3353 2248 3432 Liguriam
2272 3350 2594 3413 ducerent.’
2679 3351 2999 3434 Superiore

1103 3468 1258 3509 anno
1283 3471 1548 3510 censores
1569 3452 1719 3510 vitio
1745 3448 1887 3510 facti
1914 3449 2371 3510 abdicaverant:
2416 3449 2615 3529 itaque
2640 3448 2733 3508 his
2756 3448 2997 3514 demum

775 3569 1078 3636 PastiCapit.
1100 3545 1437 3606 consulibus
1463 3547 1545 3613 Q.
1577 3545 1800 3605 Fabius
1821 3547 1904 3612 Q.
1934 3545 2004 3604 F.
2036 3544 2119 3612 Q.
2148 3544 2238 3605 N.
2270 3545 2575 3605 Maximus
2606 3545 2995 3621 Verrucosus,

1104 3641 1196 3702 M.
1226 3641 1607 3724 Sempronius
1635 3643 1711 3703 C.
1741 3641 1811 3702 F.
1841 3642 1935 3703 M.
1966 3641 2055 3702 N.
2080 3641 2434 3712 Tuditanus,
2462 3640 2706 3701 lustrum
2738 3644 2995 3723 primum

1098 3748 1160 3798 et
1182 3739 1691 3819 quadragesimum
1715 3738 2050 3799 condidere.

1175 3841 1275 3895 24.
1320 3835 1484 3896 Dum
1527 3837 1655 3896 haec
1696 3836 1755 3895 in
1804 3833 1991 3895 Italia
2035 3843 2097 3896 et
2140 3835 2283 3896 urbe
2330 3842 2630 3914 geruntur,
2671 3837 2811 3894 novi
2850 3857 2991 3898 cum

805 3951 982 4018 Polyb,
1011 3966 1071 4004 ιι,
1099 3929 1330 4013 Illyriis
1377 3931 1525 3992 belli
1576 3951 1769 3992 causae
1822 3931 2042 3992 talibus
2088 3933 2271 3992 initiis
2316 3932 2657 3991 extiterunt.
2762 3931 2989 4014 Illyrii,

773 4021 822 4068 ⁸·
1093 4027 1262 4088 ferox
1287 4037 1350 4088 et
1373 4027 1612 4090 avidum
1639 4027 1855 4110 praedae
1880 4048 2083 4107 genus,
2112 4029 2425 4110 piraticam
2448 4027 2744 4099 faciendo,
2770 4030 2991 4092 multos

805 4112 906 4162 Dio
959 4129 1037 4178 ⁸1³·
1099 4123 1446 4186 Italicorum
1485 4125 1936 4204 negotiatorum,
1968 4124 2329 4185 Brundisino
2368 4133 2539 4206 portu
2578 4145 2857 4203 egressos,
2884 4147 2985 4188 ce-

767 4176 1073 4316 {ffl;i,tff“÷⁰'
1096 4232 1338 4303 perantg
1385 4222 1695 4284 nonnullos
1719 4241 1953 4303 quoque
1981 4222 2437 4283 trucidaverant.
2522 4221 2607 4282 Et
2635 4223 2825 4303 primo
2850 4226 2986 4305 qui-

1531 4373 1568 4419 !
1590 4371 1658 4427 Α.
1680 4373 1747 4426 U.
1773 4375 1967 4428 0522.
2003 4373 2069 4428 Α.
2092 4376 2153 4430 C.
2176 4379 2289 4427 23⁰.
