3300 5225
728 410 904 481 1648
1682 422 1759 477 r:
1800 426 1992 477 mvn

1057 574 1212 635 inter
1237 570 1520 655 oppidum
1547 580 1899 655 portumque
1926 570 2125 633 medio
2148 570 2331 633 ferme
2350 571 2544 653 spatio
2576 571 2751 631 situm
2774 590 2959 633 occu-

1054 690 1311 753 pavere:
1355 691 1476 753 quo
1494 668 1657 731 facto
1680 670 1776 744 iis,
1796 670 1900 753 qui
1926 670 2069 731 urbe
2093 668 2331 731 fuerant
2364 669 2598 749 egressi,
2624 668 2850 731 reditus
2873 669 2961 731 ad

1054 788 1187 828 eam
1216 766 1659 829 occludebatur.

1133 871 1236 925 61.
1283 862 1642 934 Demetrius,
1670 862 2077 923 animadverso
2108 860 2251 947 quid
2280 862 2470 934 fieret,
2514 858 2827 922 comilium
2854 881 2957 923 ce-

1055 960 1166 1042 pit,
1193 969 1261 1021 ut
1286 961 1344 1022 in
1371 968 1494 1020 tam
1521 960 1771 1041 ancipiti
1799 960 2087 1041 periculo,
2114 979 2230 1021 uon
2258 958 2671 1042 spernendum.
2716 958 2959 1020 Omisso

1051 1057 1209 1117 enim
1235 1058 1508 1139 praesenti
1531 1058 1873 1129 certamine,
1902 1058 2307 1139 revocatisque
2326 1056 2469 1128 suis,
2514 1064 2532 1091 ‘
2556 1054 2696 1115 Viri
2729 1054 2958 1128 fortes,'

1053 1154 1266 1235 inquit,
1311 1163 1328 1190 ‘
1349 1162 1618 1237 apparet,
1645 1154 1923 1217 virtutem
1958 1163 2215 1215 nostram
2240 1153 2503 1215 hostibus
2522 1150 2957 1213 formidabilem

1051 1272 1214 1312 esse:
1255 1272 1392 1313 nam
1433 1251 1512 1312 ad
1551 1248 1725 1313 dolos
1749 1250 2015 1313 conversi
2039 1250 2295 1313 fatentur
2318 1273 2381 1313 se
2404 1252 2631 1313 viribus
2661 1251 2959 1332 armisque

1049 1348 1333 1409 diffidere.
1443 1348 1632 1409 Furto
1684 1348 1875 1409 noct'm
1916 1348 2007 1409 usi
2045 1350 2201 1411 hauc
2246 1351 2307 1410 in
2358 1358 2573 1409 terram
2622 1348 2905 1429 irrepsere
2936 1368 2953 1409 :

1057 1446 1237 1519 unde,
1263 1446 1314 1505 si
1353 1447 1506 1507 bene
1545 1466 1655 1507 vos
1678 1445 1836 1516 novi,
1865 1446 2200 1507 retinebunt
2224 1446 2371 1507 nihil
2413 1446 2523 1507 nisi
2554 1444 2717 1527 quod
2742 1464 2953 1527 corpo-

1056 1544 1220 1603 ribus
1239 1552 1460 1623 tegent,
1487 1543 1685 1603 anima
1708 1551 1950 1603 emtum.
2034 1543 2168 1604 Vos
2188 1543 2390 1616 modo,
2416 1542 2633 1604 Pharii
2650 1543 2790 1615 mei,
2818 1564 2955 1605 vos-

1051 1660 1170 1721 que
1208 1642 1370 1701 omni
1395 1661 1474 1701 ex
1517 1639 1773 1722 Illyrico
1816 1640 2054 1701 delecta
2082 1642 2390 1721 juventus,
2436 1640 2534 1701 vel
2580 1640 2813 1721 patriae,
2854 1640 2955 1701 vel

1049 1737 1254 1816 gloriae
1291 1747 1503 1799 vestrae
1551 1758 1860 1810 memores,
1902 1737 2191 1798 ostendite
2240 1736 2555 1809 Romanis,
2593 1756 2787 1817 neque
2830 1756 2955 1797 sune

1047 1834 1430 1909 fortitudinia,
1458 1855 1653 1917 neque
1678 1843 1891 1895 nostrae
1917 1834 2341 1895 imbecillitatis
2358 1832 2556 1905 fuisse,
2582 1832 2744 1915 quod
2768 1833 2954 1895 semel

1047 1929 1127 1993 de
1169 1930 1398 2014 Illyriis
1439 1932 1659 1994 Romae
1698 1932 2123 2014 triumphatum
2174 1940 2281 1991 est.
2386 1928 2533 1991 Non
2587 1930 2840 1992 Fulvius
2877 1950 2955 1993 eo

1047 2035 1335 2110 tempore,
1373 2037 1478 2090 aut
1521 2028 1871 2091 Postumius
1914 2028 2159 2110 Illyrios
2198 2027 2457 2088 consiliis
2495 2035 2562 2088 et
2600 2029 2801 2101 armis,
2845 2028 2953 2089 sed

1047 2123 1422 2207 impotentia,
1449 2126 1554 2187 sed
1579 2127 1911 2187 temeritate
1938 2146 2047 2186 sua
2068 2124 2264 2185 Teuta
2289 2126 2451 2186 vicit.
2534 2123 2758 2205 Neque
2783 2127 2951 2205 igno-
2984 2172 2996 2177 -

1047 2222 1211 2295 ratis,
1239 2232 1308 2285 nt
1353 2224 1432 2285 de
1478 2225 1610 2285 aliis
1651 2233 1907 2295 taceam,
1946 2242 2062 2283 non
2090 2223 2177 2283 ita
2214 2222 2536 2304 proclivem
2576 2222 2667 2282 illi
2692 2222 2953 2285 futuram

1046 2316 1225 2381 fuisse
1269 2321 1600 2393 victoriam,
1625 2321 1677 2381 si
1716 2340 1811 2381 me
1834 2319 2197 2381 defensorem
2224 2320 2419 2401 potius
2442 2338 2623 2401 quam
2648 2320 2953 2383 inimicum

1051 2413 1272 2479 habere
1294 2417 1490 2481 Teuta
1511 2418 1832 2478 maluisset.
1916 2416 2148 2477 Verum
2172 2416 2490 2489 enimvero,
2516 2426 2581 2477 et
2612 2419 2761 2499 quia
2782 2419 2955 2479 vobis

1048 2515 1336 2598 proeclare
1361 2514 1618 2587 confido,
1647 2522 1711 2575 et
1734 2514 1875 2594 quia
1898 2512 2061 2574 facta
2087 2514 2280 2595 potius
2302 2534 2484 2595 quam
2508 2514 2693 2574 verba
2719 2523 2955 2596 tempus

1049 2613 1331 2698 postulat,
1360 2613 1667 2695 abrumpo.
1713 2610 1978 2672 Habetis
2002 2611 2249 2683 animos,
2278 2610 2508 2672 habetis
2534 2632 2698 2673 arma
2722 2631 2739 2672 τ
2781 2613 2951 2675 vide-

1049 2712 1126 2774 tis
1149 2711 1582 2780 necessitatem,
1627 2729 1765 2790 quae
1802 2707 2233 2770 timidissimum
2267 2726 2561 2790 quemque
2586 2718 2781 2789 posset
2805 2729 2951 2770 acu·-

1049 2828 1184 2878 ere;
1229 2807 1400 2868 vobis
1423 2807 1643 2888 pariter
1669 2807 1920 2887 urbique
1960 2805 2275 2868 discrimen
2311 2814 2641 2866 extremum
2666 2807 2953 2880 imminet,

1053 2906 1167 2966 nisi
1191 2905 1411 2966 virtute
1441 2912 1634 2966 vestra
1660 2903 2058 2964 discusseritis.
2146 2902 2371 2963 Eamus
2394 2902 2595 2982 igitur,
2622 2911 2684 2964 et
2708 2901 2955 2966 fortuna

1055 3004 1210 3064 bene
1225 3003 1480 3081 juvante
1519 3002 1659 3062 istos
1686 3021 1721 3060 e
1757 2987 2025 3060 latibulis
2062 2999 2181 3060 suis
2218 3000 2403 3080 paulo
2441 3008 2579 3060 ante
2619 3015 2955 3081 progressos

1047 3107 1341 3181 petamus,
1375 3099 1566 3160 securi
1609 3098 1687 3159 de
1731 3098 1847 3170 his,
1894 3097 1997 3178 qui
2036 3097 2477 3158 exscensionem
2504 3096 2766 3158 faciunt:
2808 3115 2953 3160 nam

1046 3194 1186 3259 illos
1208 3198 1258 3256 si
1285 3195 1691 3266 ceciderimus,
1718 3195 1781 3254 hi
1805 3194 2019 3274 majori
2042 3213 2179 3254 cum
2219 3193 2415 3254 studio
2454 3213 2637 3256 naves
2660 3203 2949 3277 repetent,

1048 3313 1230 3377 quam
1255 3293 1661 3374 reliquerunt?

1125 3397 1229 3452 62.
1271 3389 1375 3450 Ita
1397 3409 1534 3449 suos
1575 3409 1683 3470 pro
1706 3395 1969 3471 tempore
2005 3387 2365 3461 cohortatus,
2402 3380 2700 3449 instructis
2723 3389 2947 3451 ordini-

1047 3489 1159 3550 bus
1191 3487 1270 3548 ad
1295 3507 1396 3547 eos
1429 3485 1797 3547 invadendos
1820 3485 1927 3566 qui
1948 3485 2167 3546 collem
2195 3487 2475 3547 tenebant
2496 3485 2700 3550 ducit:
2744 3488 2851 3570 qui
2884 3497 2950 3550 et

1045 3585 1155 3665 ipsi
1183 3604 1298 3645 uon
1331 3584 1568 3664 segnius
1590 3583 1881 3662 congressi
1908 3583 2307 3644 sustinuerunt
2342 3583 2592 3656 bostem,
2606 3583 2810 3646 'donec
2836 3585 2945 3646 ad-

1042 3682 1345 3742 venientes
1384 3681 1487 3762 qui
1527 3680 1969 3742 exscensionem
2012 3679 2237 3740 interea
2276 3679 2560 3752 fecerant,
2602 3689 2666 3740 et
2710 3701 2749 3742 a
2782 3691 2951 3761 tergo

1041 3797 1179 3839 eum
1206 3777 1418 3850 adorti,
1445 3797 1661 3857 mag-no
1682 3796 1819 3838 cum
1862 3785 2079 3837 terrore
2112 3776 2580 3858 detrimentoque
2618 3778 2905 3860 disjecere
2930 3801 2949 3840 z

1043 3896 1266 3956 paucos
1303 3875 1362 3935 in
1389 3874 1676 3956 oppidum
1716 3873 1920 3936 retulit
1944 3873 2122 3954 fuga:
2166 3875 2344 3934 ceteri
2372 3875 2585 3956 passim
2611 3895 2719 3956 per
2756 3876 2951 3939 invios

1041 3973 1228 4033 calles
1251 3971 1488 4056 dilapsi.
1596 3970 1956 4043 Demetrius,
1984 3973 2089 4051 qui
2114 3971 2257 4031 solis
2280 3971 2637 4056 quibusdam
2664 3973 2809 4034 loeis
2834 3995 2944 4056 pa·

751 4084 924 4152 Polyb.
945 4101 1023 4137 xv.
1042 4078 1204 4132 ratos
1244 4069 1472 4130 lembos
1496 4069 1558 4128 in
1583 4088 1815 4130 omnem
1840 4088 2043 4130 casum
2077 4068 2359 4141 habebat,
2394 4089 2512 4130 uuo
2550 4089 2753 4130 eorum
2798 4091 2943 4133 con-

718 4158 786 4204 ⁶⁶
1040 4187 1246 4228 scenso
1270 4165 1349 4227 ad
1369 4165 1723 4248 Philippum
1751 4163 2127 4226 Macedoniae
2146 4185 2340 4246 regem
2368 4165 2647 4249 profugit,
2686 4169 2857 4247 cujus
2880 4170 2943 4230 in

719 4215 1023 4336 vzl'glffvffi:
1045 4265 1364 4328 amicitiam
1411 4271 1707 4346 receptus,
1759 4283 1951 4330 mores
2004 4261 2393 4330 adolescentis
2442 4271 2619 4330 antea
2668 4263 2945 4332 laudatos
