3300 5225
1040 499 1186 547 ms.
1234 498 1443 549 xxu.
1491 498 1654 549 car.
1701 482 1808 547 22.
2349 486 2523 553 18⁰9

327 650 344 679 ‘
376 642 643 709 Metum
696 640 1109 709 continuisse
1156 642 1247 709 ad
1294 663 1443 709 eam
1492 643 1668 709 diem
1711 641 2180 727 Hispanorum
2235 646 2520 725 animos,

326 747 485 829 quia
532 744 775 829 procul
831 744 1124 810 Romani
1182 745 1541 811 abessent:
1588 763 1771 809 nunc
1819 745 1920 810 cis
1981 745 2246 811 Iberum
2295 754 2522 812 castra

326 849 640 913 Romana
656 866 836 925 esse,
864 866 1091 913 arcem
1114 855 1331 913 tutam
1353 847 1870 932 perfugiumque
1895 868 2111 913 novas
2137 850 2521 915 volentibus

326 962 473 1016 res.⁸
557 949 829 1035 Itaque,
882 970 1050 1034 quos
1090 957 1309 1015 metus
1350 970 1483 1014 non
1528 956 1769 1027 teneat,
1810 950 2139 1016 beneficio
2185 958 2254 1017 et
2304 952 2522 1034 gratia

325 1053 795 1119 devinciendos
817 1052 1017 1119 esse!
1078 1052 1355 1117 Miranti
1380 1051 1645 1117 Bostari
1675 1054 2288 1137 percunctantique,
2311 1055 2520 1137 quod-

324 1175 471 1220 nam
504 1158 571 1220 id
604 1156 905 1221 subitum
936 1162 1134 1222 tantae
1162 1150 1279 1220 rei'
1308 1154 1551 1220 donum
1586 1154 1813 1238 possit
1839 1158 2038 1221 esse?
2127 1160 2149 1193 ‘
2183 1154 2524 1234 Obsides:

322 1258 558 1343 iuquit,
602 1262 621 1297 ‘
650 1259 719 1323 iu
748 1260 1063 1325 civitates
1104 1259 1389 1323 remitte.
1479 1255 1561 1321 Id
1588 1264 1656 1321 et
1681 1256 1735 1297 ¹⁶
1765 1258 2078 1341 privatim
2107 1257 2520 1341 parentibus,

324 1378 600 1441 quorum
628 1362 993 1425 maximum
1026 1378 1269 1425 nomen
1300 1360 1369 1425 in
1400 1358 1792 1425 civitatibus
1823 1366 1928 1425 est
1957 1360 2124 1440 suis,
2157 1367 2223 1424 et
2249 1360 2524 1443 publice

326 1462 597 1545 populis
642 1468 897 1545 gratum
938 1463 1091 1528 erit.
1179 1460 1354 1527 Vult
1400 1462 1531 1527 sibi
1584 1464 1876 1547 quisque
1921 1462 2127 1541 credi,
2173 1470 2241 1529 et
2287 1462 2524 1528 habita

324 1562 493 1628 fides
530 1565 755 1647 ipsam
794 1563 1181 1648 plerumque
1228 1564 1477 1645 obligat
1516 1562 1740 1629 fidem.
1835 1563 2288 1630 Ministerium
2327 1566 2524 1630 resti-

324 1664 721 1731 tuendorum
754 1665 988 1731 domos
1016 1665 1321 1732 obsidum
1352 1664 1654 1729 mihimet
1675 1665 1977 1750 deposco
1999 1666 2176 1749 ipse,
2205 1673 2283 1732 ut
2311 1688 2525 1751 opera

324 1788 591 1853 quoque
636 1770 943 1853 impensa
986 1768 1341 1835 consilium
1390 1766 1705 1850 adjuvem
1735 1788 1978 1845 meum,
2023 1775 2089 1834 et
2136 1771 2231 1833 rei
2281 1776 2523 1853 suapte

322 1876 559 1937 natura
592 1880 822 1953 gratae,
853 1877 1169 1957 quautam
1202 1871 1470 1955 insuper
1494 1871 1772 1953 gratiam
1812 1871 2097 1954 possim,
2127 1871 2524 1957 adjiciam.’†

326 1971 635 2050 Homini,
688 1993 822 2038 non
872 1972 957 2039 ad
1020 1980 1245 2039 cetera
1291 1972 1558 2037 Punica
1606 1974 1872 2055 ingenia
1923 1973 2195 2053 cando,
2250 1980 2327 2039 ut
2375 1994 2526 2058 per-

324 2077 595 2153 suasit:
640 2083 841 2140 nocte
889 2076 1061 2141 clam
1101 2092 1493 2158 progressus
1537 2074 1619 2139 ad
1663 2073 1948 2141 hostium
1979 2076 2328 2154 stationes,
2363 2096 2523 2142 con·

324 2178 543 2245 ventis
588 2178 990 2263 quibusdam
1032 2177 1479 2243 auxiliaribus
1512 2174 1874 2260 Hispanis,
1913 2186 1984 2245 et
2011 2179 2100 2244 ab
2131 2180 2220 2245 iis
2259 2179 2348 2244 ad
2379 2178 2528 2245 Sci-

325 2280 595 2363 pionem
628 2280 1011 2365 perduetus,
1058 2280 1223 2365 quid
1254 2278 1539 2358 afferret,
1571 2282 1929 2363 expromit.
2019 2280 2190 2346 Fide
2237 2288 2528 2366 accepta

324 2380 640 2467 dataque,
696 2402 779 2448 ac
828 2382 985 2448 loco
1034 2388 1103 2449 et
1152 2388 1449 2465 tempore
1499 2382 1870 2447 constituto
1925 2382 2010 2447 ad
2063 2382 2338 2448 obsides
2391 2390 2521 2449 tra-

325 2484 603 2560 deudoS.
648 2485 1017 2568 Saguntum
1045 2486 1255 2565 redit3
1300 2485 1476 2549 diem
1508 2484 1966 2567 insequentem
2011 2486 2340 2551 absumsit
2371 2506 2524 2551 cum

324 2588 615 2656 Bostare
646 2587 977 2658 mandatis
1006 2587 1091 2654 ad
1120 2606 1257 2652 rem
1282 2585 1599 2670 agendam
1628 2586 2066 2672 accipiendis.
2155 2589 2524 2668 Dimissus,

325 2711 477 2758 cum
508 2712 587 2758 se
616 2699 817 2758 nocte
843 2691 1115 2769 iturum,
1158 2698 1233 2757 ut
1273 2690 1624 2756 custodias
1650 2690 1948 2755 hostium
1971 2691 2247 2769 falleret,
2279 2691 2528 2756 consti-

324 2793 596 2872 tuisset,
623 2794 709 2860 ad
740 2793 1191 2878 compositam
1222 2812 1375 2859 cum
1404 2792 1752 2858 iis-horam
1783 2792 2102 2859 excitatis
2133 2793 2528 2859 custodibus

327 2915 683 2980 puerorum
735 2895 1103 2981 profectus,
1174 2895 1383 2962 veluti
1450 2895 1724 2978 ignarus
1789 2895 1859 2960 in
1917 2903 2340 2981 praeparatas
2397 2915 2530 2960 sua

328 2999 563 3066 fraude
592 3000 881 3066 insidias
912 2998 1120 3064 ducit.
1197 2996 1278 3062 In
1304 3004 1526 3064 castra
1556 2997 1868 3064 Romana
1891 2997 2222 3082 perducti.
2283 2997 2530 3064 Cetera

330 3102 553 3168 omnia
585 3101 671 3168 de
714 3100 1065 3170 reddendis
1107 3101 1508 3180 obsidibus:
1556 3101 1736 3166 sicut
1775 3120 1928 3166 cum
1958 3101 2252 3167 Bostare
2281 3102 2529 3167 consti·

330 3209 545 3271 tutum
580 3211 745 3283 erat,
784 3213 939 3270 acta
981 3223 1097 3288 per
1135 3204 1413 3269 eundem
1446 3203 1771 3283 ordinem,
1823 3223 1959 3288 quo
2005 3205 2066 3268 si
2109 3203 2530 3287 Carthagini·

332 3307 585 3373 ensium
640 3307 909 3372 nomine
970 3307 1070 3371 sic
1122 3312 1505 3389 ageretur.¹⁷
1595 3304 1824 3388 Major
1879 3304 2528 3388 aliquanto-Roma·-

394 3479 419 3506 ⁸
448 3471 569 3521 ὅσα
600 3472 669 3522 eis
692 3471 881 3522 Iberum
914 3469 1155 3538 (respectu
1178 3469 1419 3536 Sagunti)
1438 3485 1537 3522 esse
1562 3471 1883 3520 Romanorum·
1904 3475 2082 3528 castra,
2104 3485 2197 3536 quo
2221 3470 2454 3534 Hispani.
2485 3470 2532 3519 si

332 3535 638 3598 ddeetionem
655 3538 941 3600 cogitarat,
964 3543 1149 3602 possen
1170 3543 1399 3600 tanquam
1418 3538 1483 3586 od
1500 3541 1660 3586 tutam
1677 3550 1833 3584 urcem
1852 3537 2126 3598 confugere.

397 3611 419 3634 ·
454 3602 711 3666 Postquam
730 3617 831 3651 rem
848 3604 1084 3666 persuasit
1110 3603 1333 3658 Bostari,
1350 3599 1433 3667 qus·
1452 3602 1655 3665 simplex
1675 3606 1724 3651 et
1751 3601 1980 3650 condidus
2001 3601 2137 3652 homo
2167 3605 2296 3663 erat,
2316 3599 2532 3661 necjux·

334 3669 385 3716 tu
404 3667 583 3730 reliqua
604 3667 862 3717 Poenorsm
880 3667 1074 3731 ingenia
1094 3671 1327 3721 mam.

1252 3805 1613 3829 emmueoe

332 3915 610 3961 notu—16
646 3911 713 3960 Ee
735 3910 884 3961 deest
908 3911 958 3960 iu
986 3910 1117 3962 Edd.
1140 3918 1263 3962 ante
1286 3911 1587 3961 Drak.-1r
1619 3911 1637 3939 ‘
1654 3907 1720 3959 In
1745 3908 2004 3974 plerisque
2023 3908 2150 3957 Mss-
2169 3915 2224 3956 et
2243 3905 2379 3955 Edd.
2396 3911 2533 3956 antt.

334 3977 469 4040 qrwsi
486 3981 771 4040 ugeram,-
803 3975 897 4027 sed
920 3975 1051 4026 bene
1076 3976 1280 4028 emend.
1306 3975 1500 4027 Stroth.
1522 3980 1631 4026 acta
1656 3990 1746 4040 per
1767 3976 1965 4026 eandem
1986 3969 2327 4040 (Abelucem)
2347 3972 2534 4035 ordine,

1323 4121 1539 4175 NOTAE

397 4225 420 4272 t
453 4220 623 4272 Addit
643 4221 831 4286 Polyb.
867 4221 1147 4272 verendum
1183 4236 1249 4272 ne
1282 4221 1389 4273 Ro·
1534 4229 1555 4254 ¹
1592 4222 1766 4271 Cetera
1795 4219 1954 4269 ovinia
1979 4219 2038 4268 de
2072 4214 2325 4266 reddendis
2355 4213 2534 4264 obsidi-

335 4299 494 4363 mani,
536 4299 771 4362 Sagunto
808 4304 865 4348 et
908 4297 1174 4348 obsidibus
1220 4297 1392 4362 potiti,
1472 4294 1579 4359 bus]
1630 4295 1858 4347 Obsides
1903 4292 2151 4358 proximis
2193 4291 2300 4341 suis
2336 4290 2536 4342 redditi

336 4373 597 4441 Hispanos
617 4373 683 4424 ad
704 4387 762 4426 se
784 4381 1113 4428 convertant.
1472 4383 1596 4424 sunt
1628 4387 1727 4438 per
1749 4371 2054 4429 Abelucem,
2093 4367 2276 4420 eadem
2311 4367 2535 4434 ratione,
