3300 5225
854 520 1062 572 unm
1112 521 1289 573 xix.
1335 520 1977 573 surruauuu‘ruu.
2344 508 2517 577 1591

295 664 476 729 cidit:
518 664 866 747 desertaque
892 665 1122 729 obsidio
1151 666 1327 739 foret,
1368 666 1430 729 ni
1465 665 1688 739 Hiero,
1732 686 1951 746 magna
1982 666 2189 728 iterum
2214 678 2367 731 Diod.

295 762 572 823 frumenti
612 764 789 843 copia
825 764 1156 843 summissa,
1201 766 1290 825 uti
1339 771 1673 825 maneretur
1696 764 1984 825 evicisset.
2090 763 2193 825 Ita

293 861 510 921 omino
548 857 932 941 oppugnandi
981 860 1250 933 consilio,
1301 862 1622 941 castrisque
1670 880 1748 920 ex
1801 861 1965 921 omni
2026 870 2191 941 parte
2216 861 2387 930 Polyb.

292 956 688 1028 communitis,
715 956 965 1039 tempori
987 965 1051 1017 et
1073 958 1236 1019 casui
1267 978 1390 1019 rem
1426 958 1761 1039 permittere
1787 957 2190 1019 decreverunt.

295 1053 540 1114 Obsessi
583 1073 820 1135 quoque
865 1053 1090 1115 refecta
1127 1074 1422 1116 murorum
1461 1064 1630 1136 parte
1680 1074 1817 1135 quae
1868 1053 2189 1127 ceciderat,

293 1150 548 1229 majores
585 1149 646 1210 in
693 1157 988 1231 posterum
1027 1150 1107 1211 ad
1145 1150 1512 1213 tolerandam
1557 1150 1925 1213 obsidionem
1966 1152 2193 1213 animos

293 1246 644 1326 babuerunt.
746 1246 908 1307 Haee
947 1268 1320 1329 nequaquam
1361 1248 1516 1308 laetis
1564 1256 1673 1308 aut
1720 1248 1941 1309 securis
1988 1248 2197 1309 animis

293 1341 516 1403 Romae
541 1341 782 1403 audita:
825 1362 1018 1425 neque
1043 1353 1238 1405 tamen
1283 1344 1691 1417 dubitabatur,
1733 1343 1877 1425 quin
1907 1342 2067 1405 bello
2090 1364 2192 1405 ac-

291 1449 470 1521 cepta
507 1440 863 1503 detrimenta
903 1441 1064 1503 bello
1105 1442 1412 1505 sarcienda
1456 1452 1691 1505 essent:
1753 1442 2022 1525 adeoque
2065 1445 2193 1506 haec

288 1537 584 1598 sententia
622 1539 854 1619 penitus
877 1536 1068 1600 infixa
1089 1540 1382 1602 mentibus
1415 1540 1552 1613 fuit,
1595 1550 1662 1601 ut
1690 1538 1935 1621 quidam
1959 1550 2192 1603 senator
2212 1546 2383 1597 zonat.

291 1634 352 1693 in
379 1634 513 1715 ipsa
535 1634 702 1695 curia
723 1636 952 1695 occisus
983 1654 1112 1697 esse
1145 1646 1514 1709 memoretur,
1549 1637 1711 1719 quod
1736 1637 1919 1699 verba
1940 1635 2017 1697 de
2040 1658 2191 1719 pace

289 1728 546 1793 fecisset.
628 1730 842 1811 Magni
881 1730 1096 1794 deinde
1131 1742 1450 1815 apparatus
1489 1733 1659 1806 facti,
1712 1734 1861 1793 inter
1906 1753 2057 1813 quos
2098 1755 2189 1795 re-
2212 1743 2391 1811 Polyb.

289 1827 516 1905 migum
543 1828 710 1905 (nam
733 1827 910 1907 hujus
933 1830 1161 1909 generis
1173 1832 1418 1910 jactura
1433 1831 1636 1910 ingens
1654 1829 1817 1891 facta
1829 1834 1985 1909 erat)
2004 1830 2193 1893 millia

289 1922 502 1985 decem
525 1944 606 1983 ex
629 1942 786 1985 novo
806 1924 1042 1986 delectu
1069 1926 1129 1987 in
1155 1926 1424 1988 Siciliam
1448 1928 1644 1989 missa.

369 2026 478 2083 17.
521 2019 813 2081 Comiles
850 2022 984 2101 jam
1017 2031 1186 2083 erant
1233 2023 1318 2086 P.
1363 2023 1614 2086 Clodius
1666 2022 1795 2106 Ap.
1842 2022 1917 2085 1².
1972 2024 2049 2086 C.
2097 2021 2189 2084 N.

291 2114 584 2189 Pulcher,
613 2117 684 2178 L.
708 2116 924 2179 Junius
948 2118 1025 2179 C.
1055 2118 1128 2179 F.
1151 2118 1230 2180 C.
1253 2118 1346 2181 N.
1373 2120 1636 2182 Pullus!
1716 2119 1998 2181 Clodium
2023 2118 2189 2180 illum
2212 2110 2342 2163 mn·
2362 2116 2518 2162 ’‘V-¹·

289 2221 568 2293 nepotem
595 2212 760 2274 Caeci
783 2214 984 2287 fuisse,
1009 2214 1162 2275 falso
1185 2236 1226 2275 a
1251 2216 1602 2295 quibusdam
1625 2216 1911 2277 traditum
1932 2224 2043 2277 est.
2122 2214 2191 2277 Is

287 2328 428 2371 cum
469 2309 530 2369 in
574 2308 844 2371 Siciliam
869 2312 1141 2383 venioeet,
1167 2321 1412 2392 accepto
1451 2313 1556 2392 qui
1581 2312 1660 2373 ad
1694 2312 2025 2393 Lilybaeum
2062 2321 2193 2373 erat
2245 2323 2395 2375 Diod.
2418 2339 2501 2389 ap.
2592 2372 2605 2385 ,

2211 2388 2378 2439 Vales-
2400 2390 2433 2439 Ι.

288 2406 582 2477 exercitu,
607 2406 824 2467 milites
857 2406 918 2467 in
943 2408 1286 2468 concionem
1311 2416 1620 2478 convocat,
1647 2408 1858 2489 prioris
1882 2409 2023 2469 anni
2048 2427 2189 2469 cou-
2212 2468 2369 2507 xxm.

288 2498 451 2563 mles
475 2503 688 2563 acriter
711 2500 1106 2584 reprehendit,
1147 2511 1166 2539 ⁴
1186 2501 1348 2583 quod
1372 2522 1478 2584 per
1503 2504 1802 2582 ignaviam
1836 2510 1899 2565 et
1919 2502 2187 2577 delicias,

289 2599 544 2660 obsessis
587 2620 767 2680 quam
802 2598 1207 2662 obsidentibus
1239 2599 1568 2673 similiores,
1609 2608 1843 2682 tempus
1887 2598 1966 2660 ad
2020 2600 2190 2683 Lily-

289 2697 492 2756 baeum
515 2696 642 2757 sine
665 2696 791 2756 ullo
817 2695 1110 2778 profectu,
1137 2717 1246 2758 nec
1269 2697 1392 2758 siue
1415 2716 1628 2776 magna
1656 2696 1919 2758 Romani
1945 2697 2195 2760 nominis

288 2793 616 2872 ignominia
641 2791 972 2874 damnoque
998 2793 1331 2855 trivissent?
1413 2793 1566 2856 Erat
1595 2795 1755 2854 enim
1784 2793 1875 2855 vir
1918 2813 2089 2875 asper
2130 2803 2197 2856 et

288 2889 564 2961 acerbus,
591 2897 654 2950 et
676 2890 778 2970 qui
803 2890 1090 2952 violentia
1127 2889 1369 2969 ingenii,
1403 2889 1677 2971 fusmque
1710 2891 1791 2952 ob
1824 2889 2193 2952 nobilitatem

287 3005 484 3058 suam,
509 2986 910 3068 prolaberetur
933 2985 1014 3048 ad
1039 2985 1202 3047 facta
1224 2986 1502 3068 dictaque
1526 2987 1632 3049 vix
1654 3007 1815 3048 sanoe
1840 2987 2051 3048 mentis
2074 2987 2183 3048 ho-

289 3082 439 3144 mini
463 3083 888 3146 convenientia.
968 3083 1144 3144 Idem
1187 3084 1248 3144 in
1291 3083 1588 3166 puniendo
1626 3103 1817 3144 saevus
1856 3091 1921 3144 et
1950 3083 2193 3144 immitis

291 3178 524 3240 nullum
547 3179 828 3240 delictum
851 3181 1048 3252 venia,
1073 3179 1428 3242 levioeimum
1467 3179 1744 3261 quodque
1770 3181 1953 3241 nimia
1974 3181 2189 3242 severi·

287 3285 419 3338 tate
439 3278 936 3359 prosequebatur:
973 3297 1112 3338 cum
1157 3277 1384 3338 interim
1429 3278 1554 3358 ipse
1582 3279 1642 3337 in
1683 3278 1859 3338 rebus
1890 3276 2189 3352 maximis,

289 3391 410 3434 non
436 3375 645 3434 misere
669 3383 922 3446 tantum,
948 3373 1052 3434 sed
1077 3374 1256 3435 etiam
1281 3393 1514 3456 prorsus
1536 3384 1800 3436 amenter
1823 3373 2188 3454 impingeret.

292 3469 465 3532 Nam
491 3479 556 3530 et
573 3470 884 3532 consilium
903 3473 1166 3553 priorum
1188 3467 1430 3544 ducum,
1455 3470 1615 3552 quod
1647 3471 1859 3532 acerbe
1894 3471 2191 3550 vitupera-

294 3576 488 3640 verat,
523 3567 786 3628 imitatus
824 3575 935 3639 est,
961 3577 1030 3628 ut
1069 3567 1149 3628 ad
1190 3574 1420 3647 portum
1461 3566 1881 3628 obstruendum
1904 3563 2091 3626 moles
2129 3565 2207 3626 in.

293 3683 458 3724 mare
471 3664 744 3742 jaceret:
786 3671 870 3735 et,
899 3662 1060 3744 quod
1097 3663 1460 3745 capitalior-is
1493 3665 1767 3726 amentioe
1809 3662 1947 3734 fuit,
1973 3669 2205 3722 temere.

296 3758 644 3840 Drepanum
670 3779 994 3838 aggressus,
1035 3778 1154 3820 non
1183 3760 1378 3820 minus
1413 3779 1522 3822 sua
1563 3759 1975 3843 imprudentia,
2010 3777 2196 3838 quam

291 3854 660 3917 Adherbalis
681 3855 896 3916 virtute
920 3853 1382 3916 florentissimam
1405 3854 1653 3918 classem
1678 3853 1953 3937 perdidit.
2212 3867 2515 3938 Polybmw.

377 3959 478 4013 18.
495 3951 882 4024 Persuaserat
900 3952 1017 4013 sibi
1037 3953 1386 4033 ceterisque,
1401 3951 1653 4025 bostem,
1668 3953 1933 4032 ignarum
1956 3953 2193 4036 supple-

293 4047 478 4110 menti
501 4047 662 4129 quod
704 4047 986 4110 Romana
1021 4047 1225 4110 classis
1265 4050 1608 4130 accepisset,
1654 4050 2005 4131 imparatum
2034 4052 2189 4114 Dre-

294 4145 436 4226 pani
477 4144 840 4228 deprehendi
878 4165 1084 4226 posse:
1165 4145 1314 4208 nihil
1363 4146 1520 4208 enim
1567 4145 1925 4210 crediturum
1970 4148 2191 4223 minus,

875 4354 997 4417 ΕΑ.
1019 4355 1090 4408 U·
1109 4357 1170 4410 C·
1189 4361 1308 4411 5⁰⁸.
1337 4357 1406 4412 Α.
1425 4357 1488 4412 C.
1509 4361 1626 4410 ua.
