3300 5225
805 525 981 593 1860

812 686 1179 754 semiermis
1244 684 1393 750 sine
1462 682 1752 751 ducibus
1795 693 2002 763 esset,
2053 686 2381 768 nuntium,
2430 687 2551 777 qni
2607 688 2680 756 in
2735 687 3008 775 majori-

809 792 939 857 bus
1012 795 1259 869 erant,⁴
1314 788 1603 867 mittunt,
1671 794 1694 827 ‘
1739 788 1899 854 dum
1954 776 2219 875 praelio,
2295 792 2542 859 deinde
2605 813 2697 858 ex
2768 794 3012 861 laetitia
3083 870 3088 874 ‚

808 894 1033 979 epulis
1078 892 1399 976 fatigatos
1442 893 1637 977 quies
1681 898 2010 959 nocturna
2055 894 2286 961 hostes
2330 901 2688 982 premeret,
2717 903 2793 962 ut
2821 895 2907 962 ad
2937 916 3009 962 se

806 999 1204 1064 transirent:
1248 1014 1384 1061 uno
1430 998 1696 1077 agmine
1751 994 2114 1062 Canusium
2165 999 2466 1065 abituros
2514 996 2747 1065 esse.'⁵
2835 999 3008 1065 Eam

805 1103 1203 1169 sententiam
1250 1100 1369 1166 alii
1416 1106 1629 1165 totam
1685 1101 2062 1185 asperum-it
2105 1105 2128 1136 ‘
2159 1100 2296 1169 Cur
2337 1104 2514 1168 enim
2556 1102 2740 1181 illos,
2772 1104 2894 1189 qui
2937 1122 3008 1168 se

806 1210 1173 1284 arcessant,
1201 1204 1394 1289 ipsos
1424 1222 1553 1268 non
1586 1205 1832 1282 venire,
1879 1222 2036 1269 cum
2077 1224 2272 1289 aeque
2313 1205 2635 1291 conjungi
2669 1206 3004 1291 possenti

806 1310 969 1394 quia
1010 1307 1333 1374 videlicet
1372 1308 1573 1392 plena
1619 1307 1914 1373 hostium
1964 1308 2190 1374 omnia
2232 1308 2302 1373 in
2345 1308 2572 1375 medio
2617 1315 2892 1393 esseut3
2937 1318 3007 1377 et

804 1412 1109 1489 aliorum,
1154 1430 1353 1495 quam
1398 1430 1547 1489 sua,
1600 1430 1883 1495 corpora
1927 1416 2120 1476 tanto
2169 1410 2477 1496 periculo
2524 1414 2796 1479 mallent
2838 1415 3007 1500 obji-

804 1513 1003 1581 cere!
1088 1512 1267 1580 Aliis
1316 1534 1449 1579 non
1488 1522 1629 1579 tam
1683 1513 2015 1579 sententia
2065 1513 2447 1599 displicere,
2495 1536 2692 1603 quam
2741 1518 3003 1583 animus

802 1615 1061 1683 deesse.
1152 1617 1232 1682 P.
1262 1616 1704 1702 Sempronius
1730 1615 2112 1682 Tuditanus
2139 1618 2444 1685 tribunus
2473 1616 2782 1698 militum,
2821 1622 2846 1655 ‘
2871 1619 3004 1685 Ca-

802 1720 877 1804 pi
904 1740 1063 1803 ergo
1092 1720 1447 1798 mavultis:
1492 1720 1734 1803 inquit,
1781 1722 1802 1754 ‘
1834 1721 1922 1784 ab
1968 1720 2370 1786 avarissimo
2417 1726 2488 1786 et
2541 1720 3002 1787 crudelissimo

802 1822 1015 1901 hoste,
1046 1824 1501 1907 aestimarique
1542 1822 1774 1907 capita
1811 1828 2060 1901 vestra,
2099 1830 2168 1889 et
2211 1823 2478 1908 exquiri
2516 1824 2735 1909 pretia
2776 1825 2864 1890 ab
2904 1826 3002 1891 in-

804 1925 1324 2008 terrogantibus,
1351 1924 1702 1991 Romanus
1732 1924 1901 1990 civis
1933 1924 2054 2004 sis,
2085 1945 2170 1990 an
2201 1925 2486 1991 Latinus
2520 1927 2776 2005 socius,
2807 1936 2886 1993 ut
2913 1947 3000 1992 ex

804 2036 921 2093 tua
972 2027 1377 2093 contumelia
1424 2034 1493 2093 et
1538 2027 1806 2092 miseria
1844 2027 2035 2092 alteri
2063 2028 2282 2095 honos
2320 2031 2700 2114 quaeratur?
2720 2038 2751 2077 5
2837 2030 3000 2097 Non

1673 564 1684 573 ο
1770 540 1842 590 ⁰1⁸.
1885 540 2080 591 lalvll

805 2330 896 2393 sit,
914 2329 1029 2380 illos
1056 2326 1297 2380 Paullum
1316 2336 1463 2379 recta
1476 2326 1798 2393 suadentem,
1819 2328 2212 2395 predicentem,
2227 2328 2604 2391 deterrentem,
2619 2330 3002 2383 ermima-

802 2400 899 2446 tem
934 2397 1072 2459 eulpa
1104 2396 1271 2461 eladis,
1311 2394 1389 2461 (v.
1413 2409 1531 2459 cap.
1550 2392 1662 2460 49.)
1703 2408 1804 2445 non
1846 2395 2128 2459 audivisse,
2167 2394 2284 2458 sed,
2316 2395 2541 2446 Varroni
2580 2410 2714 2446 vano
2747 2388 2998 2456 credulos,

804 2460 1025 2511 traxisse
1048 2462 1099 2510 in
1124 2460 1177 2511 id
1202 2462 1507 2525 pericnlum,
1530 2475 1634 2525 qno
1657 2461 1804 2511 simul
1829 2462 2099 2527 perierint,
2121 2461 2356 2527 adeoque
2379 2470 2598 2513 mortem
2635 2462 2770 2527 ejus,
2803 2463 2998 2515 crimen

800 2541 967 2588 suum,
988 2534 1155 2577 morte
1184 2527 1437 2576 consimili
1470 2528 1645 2577 luisse.
1711 2526 2007 2577 Sic·eadem
2033 2526 2148 2577 fere
2174 2527 2485 2591 exprimitur
2518 2529 2797 2587 sententis.
2861 2530 2996 2580 ‘Sed

801 2592 1036 2657 ineptum
1064 2592 1222 2658 Lipsii
1246 2606 1495 2654 acumen3
1531 2591 1917 2643 Gronoviannm
1942 2607 2068 2645 vero
2102 2590 2364 2659 politicum
2388 2592 2561 2658 plane,
2582 2593 2738 2644 immo
2756 2594 2998 2658 sophisti-

800 2673 918 2709 cnin
943 2668 1031 2710 aut
1052 2659 1397 2722 nugatorium,
1418 2657 1601 2708 falsum
1623 2673 1828 2724 quoque
1853 2656 2074 2708 videtur.
2141 2659 2250 2709 Cur
2271 2661 2408 2709 enim
2434 2660 2694 2710 exercitus
2719 2661 2868 2709 Rom.
2891 2662 2998 2712 lue-

805 2735 886 2776 ret
909 2733 1127 2775 mortem
1150 2724 1411 2779 consulis?
1442 2725 1643 2777 Quiane
1668 2730 1861 2774 temere
1894 2725 2242 2789 pugnassent?
2275 2725 2464 2786 Nugae.
2529 2723 2688 2774 Forte
2712 2725 2882 2775 innuit
2915 2727 2998 2777 Li·

800 2791 935 2854 vius,
974 2791 1247 2841 maximam
1286 2789 1487 2840 cladem
1534 2791 1715 2840 tulisse
1753 2790 1972 2840 alterum
2005 2790 2292 2840 exercitum
2327 2791 2410 2839 vel
2451 2803 2613 2840 corun
2641 2789 2852 2850 AEmilii,
2881 2805 2996 2842 cum

800 2858 977 2921 plures
1000 2867 1173 2907 tamen
1196 2870 1260 2906 ex
1279 2856 1467 2916 altero,
1490 2855 1765 2917 Varronis,
1795 2869 1953 2905 cornu
1990 2855 2268 2905 evaserint.
2339 2855 2422 2904 Ne
2452 2856 2526 2904 sie
2559 2854 2764 2921 quidem
2805 2855 2994 2919 placet,

798 2937 897 2972 nec
920 2937 1097 2973 verum
1123 2921 1249 2972 satis
1271 2929 1369 2971 est.
1436 2921 1623 2970 Mortui
1646 2935 1870 2986 quoqne,
1889 2933 1992 2970 uon
2015 2919 2281 2985 morientis,
2303 2920 2573 2970 scriberet.
2617 2919 2775 2977 Quid.
2789 2921 2834 2970 si
2854 2923 2997 2986 sagit

798 2985 1129 3052 legerimus?⁹
1161 2988 1355 3037 Bauer.
1420 2985 1541 3036 Hoc
1558 2987 1702 3048 sugit
1724 2989 1776 3036 ln
1804 2987 2065 3050 plerisque
2089 2985 2232 3035 libris
2251 2991 2421 3048 extat,
2443 2986 2538 3035 sed
2569 3001 2672 3036 non
2695 2986 2858 3050 tnagis
2885 2986 2938 3038 h.
2959 2989 2994 3038 l.

802 3063 981 3117 aptum
1014 3061 1115 3103 est.
1183 3053 1341 3103 Forte
1376 3052 1477 3114 leg.
1516 3067 1670 3102 eomes
1703 3066 1796 3114 pro
1835 3053 1993 3102 totus.-
2026 3065 2128 3114 quo
2160 3064 2316 3100 sensu
2353 3051 2546 3114 passim
2573 3065 2726 3102 mares
2755 3053 2998 3103 mortiset

798 3119 1042 3169 morientis
1066 3117 1292 3168 dicitur:
1324 3117 1629 3180 Rapum-4
1665 3117 1726 3167 In
1747 3117 1859 3178 maj.
1893 3117 2068 3167 cuuis
2095 3120 2334 3180 preerunt
2363 3115 2498 3167 Edd.
2533 3126 2656 3166 ante
2695 3116 2997 3169 Gronov.—

800 3189 831 3233 5
868 3185 961 3235 ‘Iu
986 3190 1118 3236 vett.
1140 3184 1266 3235 libb.
1294 3191 1394 3241 est,
1416 3197 1509 3233 uno
1529 3182 1718 3246 ugntine
1747 3183 1857 3232 inde
1883 3182 2142 3232 Canusium
2172 3179 2422 3233 abieum:
2454 3183 2532 3233 sic
2569 3183 2727 3248 paulo
2762 3189 2902 3248 post,
2923 3189 2995 3234 st·

1791 3344 2010 3398 NOTAE

798 3461 1119 3514 exercitumz
1154 3460 1247 3512 sed
1290 3475 1459 3527 neque
1494 3460 1549 3511 id
1584 3475 1782 3523 verum,
1803 3465 1858 3511 et

796 3541 1043 3592 ”sarientis
1072 3553 1169 3590 esse
1190 3553 1293 3589 non
1322 3546 1425 3600 est,
1445 3539 1593 3590 simul
1618 3553 1740 3589 cum
1763 3539 1856 3589 ali·

798 3633 905 3685 quo
924 3617 1070 3667 mori.
1112 3616 1347 3666 Gronov.
1370 3615 1477 3678 legi
1499 3616 1629 3678 vult,
1657 3616 1857 3666 ulterius

796 3701 993 3748 nortem
1024 3707 1169 3759 prope
1200 3698 1331 3743 totas
1361 3693 1602 3743 exercitus
1632 3693 1750 3744 luit.-
1799 3693 1852 3744 id

798 3783 898 3837 est,
914 3773 1096 3839 inquit,
1108 3777 1327 3822 mortem
1344 3771 1478 3836 ejus,
1489 3772 1684 3822 crimen
1703 3787 1852 3824 suum

796 3851 910 3919 (cui
939 3849 1141 3900 scilicet
1183 3861 1392 3898 causam
1428 3856 1627 3898 temere
1669 3856 1854 3899 contra

796 3930 955 3996 ipsius
978 3927 1173 3978 monita
1208 3925 1481 3976 commisso
1512 3927 1694 3990 praelio
1725 3941 1854 3990 prue-

797 4003 1049 4070 buerant)
1102 4011 1271 4054 morte
1316 4003 1571 4054 consimili
1626 4004 1852 4055 luerunt.

796 4085 1076 4149 Ingeniose
1094 4099 1110 4132 t
1148 4095 1325 4132 verum
1350 4095 1451 4130 non
1477 4081 1641 4130 minus
1665 4081 1852 4132 audae-

796 4173 898 4220 ter,
910 4161 1048 4212 nnllo
1060 4159 1395 4224 astipulante,
1410 4165 1499 4209 ant
1512 4158 1611 4209 huc
1623 4158 1854 4210 ducente

794 4241 991 4292 codice.
1026 4237 1245 4288 Planlor
1266 4235 1475 4286 omnino
1497 4237 1720 4300 scriptio
1742 4236 1853 4286 vul·

798 4317 957 4384 garis,
978 4329 1129 4381 qnam
1154 4312 1305 4364 colb.
1327 4313 1418 4363 lib.
1454 4327 1573 4363 cum
1598 4313 1714 4362 aliis
1739 4314 1851 4377 plu-

796 4394 937 4446 ribus
959 4397 1151 4441 servat.
1216 4389 1345 4440 Cum
1382 4389 1516 4438 enim
1550 4387 1656 4439 duo
1676 4397 1854 4440 essent

798 4470 1067 4524 consulum
1091 4465 1311 4517 duorum
1336 4465 1619 4530 exereitus,
1642 4465 1684 4515 si
1709 4467 1850 4516 seor'-

1935 3460 2029 3510 sim
2074 3465 2310 3525 agerent,
2351 3467 2408 3511 et
2449 3460 2502 3512 in
2540 3461 2639 3512 liae
2683 3476 2862 3528 pugna
2904 3477 2994 3514 sue

1936 3536 2156 3601 quisque
2191 3537 2372 3588 cornui
2410 3540 2496 3588 vel
2539 3539 2714 3604 potius
2763 3539 2993 3591 dimidie

1933 3616 2200 3680 copiarum
2221 3616 2360 3681 parti
2375 3623 2644 3682 preesset,
2663 3618 2776 3668 vult
2799 3617 2997 3681 Livius,

1933 3700 1994 3743 nt
2015 3693 2276 3743 Saxouius
2311 3694 2584 3757 eleganter
2617 3693 2881 3758 observat,
2920 3696 2992 3744 al-

1934 3768 2097 3819 terius
2149 3769 2376 3820 consulis
2425 3767 2694 3834 fugientis,
2745 3771 2991 3822 Varronis

1932 3860 2142 3912 nempe,
2180 3848 2470 3898 exereitum
2508 3862 2660 3912 pene
2693 3853 2862 3899 totum
2893 3865 2991 3900 en-

1933 3937 2048 3974 snm
2065 3937 2200 3986 esse,
2223 3925 2441 3976 alterius
2461 3925 2654 3975 veroin
2679 3927 2866 3991 prelio
2889 3943 2990 3979 cm·

1933 4001 1999 4064 si,
2017 4001 2259 4052 nimirum
2282 4001 2479 4067 Paulli,
2500 4003 2680 4068 copias
2703 4019 2856 4069 pane
2880 4005 2988 4056 uni-

1934 4093 2110 4128 versas
2132 4076 2346 4144 fugisse.

1997 4163 2024 4190 ¹
2058 4155 2208 4205 Binis
2243 4155 2300 4206 ia
2349 4153 2550 4220 ιωεῆε]
2623 4156 2988 4219 Romanorum,

1933 4233 2212 4284 minoribns
2234 4234 2461 4294 scilicet,
2479 4247 2540 4284 ac
2565 4234 2864 4299 maioribus.

1997 4321 2020 4356 5
2053 4311 2213 4363 Alteri
2231 4313 2377 4362 honos
2407 4311 2672 4377 quantur]
2707 4311 2988 4365 Hannibali

1934 4389 2140 4441 seilicet
2161 4390 2372 4442 victori.
