3300 5225
868 478 1080 529 mam
1131 479 1272 537 xx.
1321 481 1973 533 SUPPLEMBNTUM.
2352 468 2528 537 1623

293 641 460 683 arma
486 621 836 683 resumenda
862 622 1209 704 prosilirent.
1295 623 1465 687 Nam
1498 624 1718 687 Sardos
1740 625 2063 689 Poenorum
2094 647 2195 689 oc·

291 718 462 780 culta
486 720 772 801 promissa
800 730 1102 783 traxerant
1124 722 1203 781 ad
1229 722 1608 783 rebellionem
1639 723 2037 805 coeptandam,
2066 745 2201 805 pto-

290 814 544 877 clivibus
569 815 648 877 ad
673 818 788 877 hoc
815 817 1097 891 barbaris,
1129 818 1233 900 qui
1266 840 1376 881 nec
1401 820 1644 880 nimium
1677 820 1935 881 odissent
1971 830 2201 883 veteres

293 912 586 985 dominos,
611 934 722 975 nec
747 923 1012 976 amarent
1047 934 1250 977 novos.
1334 915 1494 983 Quae
1519 916 1741 978 Romae
1782 917 1991 979 audita
2036 927 2198 979 metu

296 1020 360 1071 et
399 1010 491 1071 ira
517 1011 906 1092 impleverunt
926 1013 1152 1085 urbem,
1180 1034 1296 1074 uon
1333 1015 1413 1075 ob
1439 1014 1797 1088 Sardiniam,
1826 1036 2009 1096 quam
2047 1017 2199 1077 tanti

299 1128 418 1169 non
443 1106 768 1179 faciebant,
811 1108 916 1169 sed
950 1111 1094 1189 quia
1131 1110 1356 1172 bellum
1398 1111 1701 1173 Punicum
1740 1112 2063 1174 videbatur
2106 1134 2196 1173 re·

294 1206 484 1265 nasci.
570 1205 755 1273 Quod
796 1206 938 1286 quia
985 1206 1220 1267 facilius
1268 1208 1528 1269 futurum
1586 1208 1931 1283 credebant,
1976 1221 2199 1292 quanto

294 1302 470 1365 citius
491 1302 865 1383 inciperetur,
891 1302 1169 1365 invalidis
1185 1304 1380 1366 adhuc
1399 1326 1438 1365 a
1451 1306 1747 1387 superiore
1762 1306 1923 1367 bello
1942 1306 2195 1368 Cartha-

293 1400 676 1479 giniensibus,
743 1400 1173 1482 quamprimum
1251 1402 1654 1463 adornandum
1719 1404 2199 1486 inferendumquc

295 1496 506 1559 Poenis
527 1496 932 1560 decreverunt.

376 1600 480 1654 13.
521 1593 619 1655 At
653 1593 896 1667 Poenos,
929 1594 1222 1676 quidlibet
1251 1596 1446 1677 potius
1471 1617 1544 1658 eo
1570 1605 1833 1679 tempore
1856 1618 2037 1679 quam
2072 1598 2199 1661 bel·
2220 1599 2525 1653 Oroanna.

290 1689 416 1751 lum
444 1690 790 1751 Romanum
811 1692 937 1773 pati
961 1700 1170 1765 certos,
1193 1713 1269 1753 ea
1287 1714 1380 1754 res
1401 1696 1674 1756 nuntiata
1698 1696 1780 1756 sic
1808 1698 2111 1771 exterruit,
2132 1708 2201 1759 ut

289 1788 509 1868 legatis
547 1787 732 1849 semel
773 1790 1105 1871 iterumque
1145 1791 1356 1863 missis,
1384 1799 1696 1874 postquam
1730 1792 1882 1853 nihil
1926 1795 2067 1855 mite
2106 1816 2199 1856 re·

288 1904 574 1967 sponsum
606 1894 780 1959 esset,
805 1886 1012 1947 decem
1041 1906 1120 1947 ex
1161 1889 1528 1970 principibus
1563 1888 1769 1950 itidem
1807 1891 2019 1952 iterato
2062 1894 2199 1953 mit-

287 1992 510 2055 terent,
549 1982 770 2043 infimis
809 1984 1103 2065 precibus,
1153 1994 1170 2021 ⁶
1203 1994 1270 2046 ut
1309 1986 1623 2067 impetrata
1660 1988 1841 2048 semel
1882 2008 2029 2068 pace
2082 1988 2200 2050 frui

289 2080 548 2153 liceret,'
600 2082 1010 2143 obtestaturos.
1105 2080 1212 2143 Ne
1259 2084 1347 2144 sic
1391 2082 1633 2164 quidem
1679 2086 1836 2164 aequi
1879 2086 2197 2167 quicquam

289 2178 553 2239 obtineri
587 2180 784 2259 potuit
824 2180 902 2239 ab
942 2180 1108 2240 iratis
1147 2189 1210 2240 et
1241 2182 1675 2241 metuentibus:
1717 2180 1905 2243 donec
1934 2184 2086 2243 inter
2112 2183 2197 2243 le-

290 2286 464 2355 gatos
509 2284 683 2336 aetate
727 2277 1003 2337 minimus
1052 2275 1306 2349 Hanno,
1353 2275 1697 2339 adolescens
1748 2278 2095 2359 intrepidus,
2138 2289 2200 2341 et

287 2370 518 2451 linguae
559 2381 627 2433 ut
661 2374 874 2433 mentis
907 2374 1132 2446 liberae,
1161 2384 1179 2409 ‘
1204 2373 1445 2455 Atqui?
1473 2376 1689 2456 inquit,
1717 2384 1735 2412 ‘
1760 2376 1809 2435 si
1834 2377 2007 2437 vobis
2034 2376 2199 2440 sedet
2253 2380 2354 2430 Dio
2375 2397 2467 2459 Ῥη

287 2468 588 2549 denegare
626 2490 859 2552 pacem,
886 2469 1176 2543 Romani,
1201 2491 1380 2552 quam
1421 2492 1538 2532 non
1583 2474 1644 2532 in
1683 2492 1865 2533 unum
1902 2483 2007 2534 aut
2047 2474 2197 2536 alte·
2222 2445 2523 2498 Rufinum.

287 2556 424 2627 rum
465 2587 710 2640 annum,
735 2566 839 2628 sed
875 2576 1220 2650 perpetuam
1259 2588 1298 2628 a
1323 2568 1494 2630 vobis
1525 2570 1808 2640 emimus;
1854 2578 1921 2632 at
1942 2574 2198 2653 pretium

289 2665 422 2744 ejus
463 2664 736 2726 Siciliam
775 2674 837 2725 et
871 2665 1212 2726 Sardiniam
1252 2666 1517 2727 reddite:
1563 2687 1638 2727 ne
1674 2669 1923 2748 privatis
1955 2668 2197 2751 quidem

289 2763 702 2847 contractibus
733 2763 848 2823 viri
883 2763 1024 2824 boni
1058 2772 1149 2824 est
1180 2765 1434 2824 emtione
1470 2765 1715 2826 rescissa
1747 2766 2009 2847 recipere
2044 2788 2196 2827 mer-

288 2878 446 2930 cem,
476 2879 594 2920 non
623 2861 926 2921 restituere
967 2861 1321 2942 pecuniam?
1401 2859 1574 2922 Tunc
1599 2881 1743 2922 vero
1777 2861 2000 2942 pudore
2034 2885 2195 2926 com-

291 2957 440 3016 moti
478 2955 770 3029 Romani,
805 2977 880 3017 ne
915 2958 1132 3038 injuste
1165 2958 1394 3018 bellum
1435 2957 1650 3018 inferre
1685 2957 2048 3033 viderentur,
2073 2982 2201 3022 me·-

291 3051 442 3114 liore
475 3073 614 3115 cum
639 3075 914 3136 responso
941 3055 1165 3134 legatos
1196 3054 1492 3117 dimisere.
1577 3055 1687 3117 Sic
1708 3055 1859 3116 aiter
1889 3060 2200 3119 consulum

291 3152 424 3230 ejus
465 3152 645 3212 anni*
680 3150 756 3211 C.
784 3150 1018 3212 Atilius
1052 3151 1138 3212 A.
1177 3151 1250 3212 F.
1285 3151 1372 3212 A.
1411 3151 1503 3213 N.
1543 3151 1801 3224 Bulbus,
1838 3156 1943 3234 qui
1984 3157 2198 3234 magis·-

291 3256 516 3309 tratum
557 3248 716 3309 hunc
751 3250 962 3309 iterum
997 3248 1260 3328 gerebat,
1289 3250 1350 3309 in
1390 3247 1578 3310 Italia
1615 3249 1870 3320 mansit:
1910 3248 1985 3312 T.
2014 3251 2198 3312 Man-

291 3345 412 3406 lius
460 3344 535 3406 T.
589 3345 663 3407 F.
714 3345 790 3407 T.
846 3345 938 3407 N.
991 3346 1350 3427 Torquatus,
1400 3347 1500 3408 cui
1561 3344 1841 3407 Sardinia
1898 3357 2199 3421 evenerat,

295 3441 597 3524 profectus
619 3451 728 3503 est.

379 3547 480 3600 14.
527 3538 684 3613 Hic,
729 3540 932 3602 multis
970 3540 1118 3602 locis
1154 3560 1292 3602 cum
1331 3540 1496 3600 hoste
1536 3539 1793 3602 feliciter
1836 3561 2198 3621 congressus,
2244 3551 2333 3601 Liv
2304 3568 2427 3605 v.xx

295 3637 632 3698 universam
671 3636 926 3700 insulam
953 3639 1212 3719 pacavit,
1242 3637 1580 3718 Sardoaque
1614 3639 1883 3719 subegit.
1926 3648 1989 3699 et
2022 3638 2143 3700 de‘
2126 3642 2200 3700 iis
2223 3621 2331 3732 ’ᾗ
2332 3681 2477 3734 um·

295 3743 435 3796 ante
459 3734 622 3794 diem
655 3743 890 3796 sextum
919 3734 1068 3796 Idus
1095 3734 1350 3796 Martias
1373 3735 1783 3816 triumphavit.
1868 3734 1993 3797 His
2025 3737 2200 3798 rebus
2222 3749 2306 3798 ³8.

293 3831 598 3912 perfectis,
630 3851 790 3904 cum,
831 3833 998 3893 nullo
1027 3834 1162 3912 jam
1200 3851 1449 3912 usquam
1481 3832 1670 3914 hoste,
1709 3831 1989 3894 Romana
2033 3854 2199 3895 arma
2221 3811 2435 3926 ξῗεῑιοζ
2432 3697 2525 3928 1³³}-

297 3931 690 4010 quiescerent,
727 3929 1026 3990 insolitum
1068 3928 1362 3989 bellatrici
1409 3929 1542 3989 urbi
1581 3928 2009 4011 spectaculum,
2053 3929 2093 3989 J
2098 3949 2197 3991 am
2220 3943 2476 4058 3Vellem

299 4024 455 4086 aedes
491 4024 701 4087 clausa
739 4035 862 4087 est.
905 4026 1066 4108 quod
1105 4025 1392 4086 indicium
1426 4026 1613 4106 pacis,
1639 4035 1775 4108 post
1798 4025 2022 4087 Numae
2044 4011 2327 4122 tem-12⁸„

295 4141 466 4202 pora,
491 4143 599 4204 per
643 4143 830 4185 annos
865 4123 1048 4184 ferme
1083 4120 1542 4203 quadringentos
1563 4122 1979 4204 quadraginta,
2003 4123 2195 4185 visum
2219 4137 2357 4188 Oros.
2362 4075 2437 4188 ivl.
2444 4141 2524 4188 ι2.

296 4218 674 4282 nonfuerat.
757 4221 902 4289 Quo
939 4220 1174 4282 nomine
1215 4219 1488 4280 miseram
1527 4218 1707 4282 fuisse
1730 4221 2035 4284 civitatem
2060 4220 2193 4283 Ro·-

863 4393 888 4420 ²
922 4383 986 4435 A.
1011 4383 1080 4436 U.
1103 4383 1165 4436 C.
1187 4383 1305 4434 51⁷.
1338 4381 1404 4434 A.
1429 4382 1489 4435 C.
1509 4385 1625 4436 2³⁶.
