3300 5225
797 396 970 465 16⁰4

829 1438 1034 1490 Scri-de

798 1502 971 1555 Benef-
992 1518 1066 1556 vr.

797 1572 884 1622 88.

1766 411 1839 461 'l'-
1884 410 2080 462 mvii

1199 558 1304 617 ss.
1346 559 1364 589 ‘
1383 551 1580 635 Atqui
1627 551 1858 633 legibus
1896 551 2165 635 profecto
2206 571 2323 617 non
2362 551 2526 617 facta
2571 555 2781 635 magis,
2834 573 3017 637 quam

1115 649 1425 713 consilium
1459 658 1524 711 et
1565 650 1795 713 animus
1838 651 2123 735 pau-antis
2160 650 2513 734 puniunturz
2554 672 2745 734 neque
2784 652 2945 715 enim
2964 654 3021 715 si

1119 746 1264 828 quid
1295 745 1546 809 furiosus
1590 756 1697 809 aut
1732 746 1927 809 infans
1976 747 2199 821 nocuit,
2224 750 2365 830 jure
2390 747 2668 811 adversus
2707 768 2845 811 eum
2882 769 3019 832 pro-

1116 844 1248 905 dita
1271 852 1364 905 est
1385 844 1582 905 actio.
1565 862 1582 880 ·
1625 845 1809 905 animi
1846 864 1988 908 vero
2010 847 2297 927 cujusque
2338 844 2539 907 multis
2578 846 2641 907 in
2680 846 2875 909 causis
2896 864 3017 910 non

1119 942 1314 1003 minus
1337 948 1500 1003 certa
1523 960 1602 1003 ex
1625 942 1844 1015 verbis,
1870 962 2051 1023 quam
2074 962 2154 1004 ex
2172 942 2450 1024 oporibus
2474 942 2695 1005 iudicia
2720 950 3021 1055 petimur.

1121 1038 1280 1108 Quae
1301 1038 1388 1101 sic
1412 1046 1602 1121 optat,
1631 1038 1781 1122 quid
1804 1038 2048 1113 faceret,
2072 1039 2123 1101 si
2166 1038 2364 1101 facere
2390 1040 2552 1123 quod
2586 1048 2779 1124 optet,
2804 1039 2865 1102 in
2890 1042 3024 1123 ejus

1117 1154 1296 1197 mauu
1320 1136 1514 1199 emet?
1568 1135 1755 1205 Quod
1794 1138 1847 1199 si
1890 1136 2139 1199 aliorum
2184 1156 2421 1219 quoque
2458 1138 2761 1199 hominum
2784 1138 3021 1220 judicia

1117 1252 1238 1294 non
1259 1233 1707 1309 contemnimus,
1736 1234 1869 1313 (cur
1891 1242 2091 1296 autem
2122 1242 2565 1297 contemnamus
2578 1236 2632 1316 2²)
2666 1235 2849 1297 etiam
2872 1234 3023 1297 alibi

1120 1350 1229 1411 pro
1265 1330 1484 1393 scelere
1527 1331 1797 1393 habitum
1838 1332 2319 1413 vindicatumque
2366 1340 2459 1393 est
2498 1331 2745 1415 impium
2791 1340 3021 1395 votum.

1119 1426 1404 1501 Athenis,
1431 1446 1564 1510 quai
1591 1427 1849 1491 Graeciae
1876 1429 2089 1491 civitas
2110 1448 2233 1511 prae
2264 1429 2473 1491 ceteris
2495 1428 2801 1511 sapientiae
2824 1428 3023 1490 laudi-

1119 1523 1232 1585 bus
1253 1524 1420 1587 clara
1441 1525 1719 1600 liabetur,
1752 1525 2065 1589 damnatus
2086 1534 2177 1588 est
2200 1525 2303 1608 qui
2332 1544 2612 1606 magnum
2636 1524 2863 1587 lucrum
2907 1544 3019 1607 op-

1119 1630 1372 1695 taverat,
1417 1642 1553 1685 cum
1603 1624 1933 1686 necessaria
1996 1622 2299 1685 funeribus
2360 1620 2637 1683 curandis
2697 1620 3019 1683 venderet:

1121 1717 1282 1800 quod
1321 1720 1602 1801 consequi
1625 1740 1796 1802 posse
1842 1739 1959 1781 non
2001 1718 2333 1793 videbatur,
2378 1720 2491 1781 nisi
2532 1718 2703 1780 multi
2744 1717 3027 1781 mortales

1119 1815 1467 1877 interissent.
1551 1816 1638 1879 Et
1662 1825 1859 1879 tamen
1885 1816 2003 1878 illis
2026 1818 2087 1878 in
2112 1817 2309 1879 verbis
2330 1816 2529 1878 locum
2550 1816 2769 1881 babere
2790 1822 3026 1899 poterat

1119 1912 1318 1975 mitior
1341 1914 1747 1995 interpretatio
1772 1934 1789 1975 z
1830 1914 1962 1977 liaec
1992 1934 2111 1975 non
2147 1914 2445 1995 ambigue,
2490 1933 2681 1995 neque
2714 1912 3025 1995 perplexe,

1121 2009 1368 2071 exitium
1391 2010 1642 2083 civibus,
1664 2008 1895 2072 cladem
1917 2010 2227 2083 exercitui,
2252 2010 2655 2071 calamitatem
2678 2007 3023 2091 reipublice

1120 2106 1370 2187 optavit.
1461 2108 1707 2171 Utinam
1716 2107 1933 2189 frater
1946 2128 2105 2169 meus
2122 2108 2487 2169 revivisceret
2506 2108 2538 2169 1
2577 2114 2783 2169 votum
2802 2108 3023 2189 impro-

1119 2202 1284 2277 bum,
1309 2204 1490 2265 etiam
1513 2204 1565 2264 si
1589 2202 1785 2265 fratris
1808 2222 1993 2265 causa
2016 2203 2103 2265 sic
2125 2203 2473 2283 optavisset.

1198 2306 1302 2363 48.
1345 2310 1364 2338 ⁸
1389 2300 1516 2361 Cur
1539 2300 1697 2361 enim
1720 2298 1813 2361 illi
1836 2297 2142 2361 reddenda
2165 2299 2291 2361 vita
2314 2307 2489 2371 emet,
2528 2298 2699 2379 cujus
2722 2317 2907 2381 opera
2926 2305 3023 2361 tot

1120 2396 1342 2458 civium
1365 2396 1628 2459 millibus
1651 2404 1856 2479 erepta
1880 2396 2011 2457 est?
2066 2395 2170 2477 qui
2210 2394 2639 2478 rempublicam
2682 2416 2801 2458 non
2828 2396 3025 2457 minus

1123 2514 1228 2577 per
1249 2496 1584 2577 superbiam
1607 2494 1903 2577 despexit,
1930 2513 2107 2577 quam
2132 2512 2237 2575 per
2260 2493 2649 2555 temeritatem
2688 2491 3025 2555 afflixerat?

1122 2592 1228 2674 qui
1271 2590 1713 2675 praedamnatus
1733 2592 1995 2654 omnium
2028 2591 2331 2654 hominum
2354 2590 2677 2665 sententiis,
2716 2610 2835 2652 non
2868 2588 3022 2652 infa-

1123 2690 1304 2750 miam
1336 2691 1468 2770 ejus
1492 2689 1737 2770 judicii,
1765 2688 1871 2750 sed
1913 2707 2147 2772 poenam
2168 2707 2311 2750 casu
2336 2687 2589 2768 effugit?
2630 2686 2821 2749 Hunc
2854 2696 2947 2761 ιιι,
2970 2687 3025 2749 si

1121 2805 1380 2868 saperes,
1425 2795 1661 2869 optares
1700 2785 2081 2848 reviviscere!
2124 2787 2299 2867 cujus
2338 2785 2389 2845 si
2427 2785 2768 2846 memoriam
2810 2783 3023 2846 eodem

1125 2881 1354 2944 tumulo
1376 2882 1661 2964 pomisses
1685 2882 1952 2955 obruere,
1979 2900 2099 2964 quo
2120 2881 2345 2944 cineres
2378 2881 2509 2960 ejus
2544 2889 2841 2961 teguntur,
2874 2879 3025 2942 nihil

1127 2979 1425 3062 antiquius
1447 2979 1668 3041 habere
1692 2979 2009 3040 debuisses.
2053 2976 2571 3048 Quemadmodum
2592 2978 2752 3039 enim
2774 2975 3025 3040 fratrum

1125 3077 1486 3158 egregiorum
1507 3075 1674 3138 fama
1696 3075 1833 3137 aliae
1858 3083 2139 3138 matronae
2168 3095 2287 3137 nou
2327 3075 2523 3158 inepte
2562 3075 2909 3156 gloriantur,
2935 3075 3027 3136 ita

1123 3173 1235 3236 tibi
1259 3174 1356 3235 liic
1377 3173 1587 3256 pudori
1609 3181 1782 3247 esset,
1806 3173 1856 3234 si
1880 3173 2198 3255 quicquam
2222 3171 2383 3254 apud
2406 3180 2469 3234 te
2494 3170 2737 3254 pudoris
2757 3189 3023 3234 remane-

1125 3279 1234 3333 ret.
1319 3269 1444 3332 Sed
1495 3271 1863 3351 ignoscamus
1900 3269 2154 3332 foeminoe
2198 3268 2407 3343 nobili,
2460 3270 2511 3330 si
2552 3268 2793 3330 fratrem
2839 3267 3023 3330 stulte

1121 3367 1406 3441 fortassis,
1432 3367 1538 3430 sed
1561 3376 1761 3430 tamen
1790 3367 1885 3450 pie
1910 3366 2307 3430 desideravit·
2350 3365 2531 3428 immo
2553 3365 2843 3428 absolvite
2860 3385 3023 3438 eam,

1121 3465 1174 3526 si
1197 3475 1324 3526 tam
1365 3462 1618 3528 insolens
1660 3463 2039 3549 ineptumque
2081 3473 2309 3538 votum,
2350 3482 2531 3546 quam
2568 3481 2751 3526 causa
2772 3461 3027 3546 optandi

1121 3561 1536 3624 abominabilis
1551 3562 1685 3626 fuit.
1766 3563 1894 3625 Cur
1915 3563 2075 3624 enim
2099 3561 2337 3624 voluisti
2358 3559 2597 3624 fratrem
2630 3559 3023 3624 reviviscere?

1121 3667 1192 3720 ut
1215 3669 1487 3741 aspectus
1511 3661 1827 3743 propinqui
1866 3660 2116 3722 hominis
2140 3667 2201 3720 te
2225 3659 2561 3721 recrearet?
2598 3666 2667 3719 ut
2686 3675 2867 3740 opera
2888 3659 3027 3738 ejus

1123 3755 1388 3829 utilitati,
1427 3759 1749 3820 auctoritas
1786 3757 2080 3840 prasidio,
2120 3756 2371 3818 bonores
2408 3763 2751 3818 ornamento
2786 3763 2981 3816 essent
2994 3753 3024 3814 ἲ

1123 3849 1302 3914 Nihil
1327 3854 1554 3915 horum.
1637 3853 1807 3922 Quid
1832 3855 2051 3935 igitur?
2100 3855 2183 3918 Ut
2218 3855 2438 3916 iterun·
2477 3853 2719 3916 claues·
2756 3850 3023 3914 ἄκεα-ιι.

1123 3947 1271 4010 Ηοο
1295 3949 1452 4011 enim
1475 3957 1624 4024 erat,
1649 3970 1690 4011 o
1728 3951 2201 4014 scelestissimum
2222 3960 2427 4033 caput,
2469 3970 2598 4024 cur,
2625 3958 2911 4032 quantum
2952 3949 3021 4009 in

1121 4053 1182 4106 te
1205 4045 1340 4120 fuit,
1365 4047 1648 4108 suscitare
1672 4057 1950 4121 mortuos,
1970 4057 2239 4110 naturam
2256 4049 2323 4109 iu
2346 4047 2615 4110 ordinem
2646 4067 2880 4130 cogere,
2908 4045 3021 4108 In-

1117 4143 1374 4208 ferorum
1395 4145 1709 4230 refringere
1724 4147 1982 4211 claustra
1998 4149 2295 4232 cupivisti,
2312 4159 2379 4212 ut
2400 4151 2702 4233 reperires,
2718 4170 2825 4234 per
2837 4167 3017 4232 quem

1122 4243 1440 4323 periremus
1455 4243 1482 4302 ’ἔ

1203 4345 1304 4402 44.
1346 4349 1364 4380 ⁸
1389 4339 1552 4404 Haec
1577 4349 1689 4417 est,
1716 4343 2001 4419 Quirites,
2027 4345 2200 4425 cujus
2222 4343 2479 4408 misereri
2503 4342 2857 4423 vosjubent,
2886 4341 3015 4427 qui,
