3300 5225
856 487 1066 538 unm
1113 485 1290 538 xix.
1335 483 1988 538 surrnnunn‘ruu.
2352 466 2521 540 lml

292 630 580 696 Metellus
605 629 966 714 Lilybaeum‚
986 627 1180 694 Num.
1209 628 1432 694 Fabius
1458 629 1803 714 Drepanum
1828 627 2201 692 obsidebant.

289 731 562 811 Adjecet
604 729 890 812 Drepane
934 729 1223 792 Austrum
1262 749 1464 790 versus
1501 727 1717 800 inmla,
1758 728 1884 789 sive
1926 725 2203 810 scopulus
2240 735 2527 793 clorensi-

287 829 484 890 verius
521 835 636 899 est,
664 845 846 908 qum
886 826 1203 888 Peliaden
1229 826 1480 888 insulam
1499 831 1519 860 ¹
1565 825 1791 898 emi,
1821 845 1928 886 nos
1954 824 2201 886 Golum-
2222 807 2308 924 3²⁵}-
2325 805 2443 856 1⁵¹¹*-
2461 821 2527 858 ¹¹·

287 927 519 986 buriam
561 923 950 1006 appellamus.
1035 923 1224 986 Hanc
1263 923 1462 986 occiso
1500 921 1775 1006 praesidio
1817 921 2061 985 Punico
2098 941 2205 1004 per
2255 937 2428 988 zonar-

289 1044 426 1084 suos
491 1021 712 1082 milites
763 1029 940 1083 noctu
988 1020 1196 1083 consul
1245 1021 1578 1104 occupavit.
1688 1019 1911 1102 Neque
1976 1018 2206 1082 distulit

289 1119 641 1192 Hamilcar,
687 1119 794 1200 qui
845 1116 925 1180 ad
975 1117 1413 1181 defendendum
1459 1115 1805 1201 Drepanum
1849 1125 2203 1190 accurrerat,

289 1229 421 1280 orta
457 1219 596 1280 luce
636 1217 715 1278 ad
741 1219 940 1280 locum
960 1218 1428 1302 recuperandum
1450 1220 1673 1299 egredi.
1760 1219 1905 1288 Quo
1938 1215 2206 1280 animad-

288 1337 460 1377 verso
485 1315 717 1388 consul,
743 1335 880 1376 cum
903 1315 1022 1377 suis
1046 1336 1221 1398 opem
1245 1315 1396 1378 serre
1420 1337 1536 1379 non
1559 1325 1780 1400 posset,
1805 1325 1935 1378 tota
1956 1317 2019 1378 vi
2048 1315 2206 1376 Dre-

289 1433 516 1495 panum
531 1431 871 1494 oppugnare
887 1413 1158 1475 instituit.
1221 1411 1328 1475 Sic
1347 1423 1598 1476 retracto
1623 1413 2000 1487 Hamilcare,
2016 1412 2209 1474 tenuit

291 1507 570 1582 iamlam,
587 1529 778 1590 eaque
793 1508 1073 1591 deinceps
1093 1507 1173 1571 ad
1191 1510 1458 1572 obsessos
1477 1511 1671 1573 acrius
1686 1510 2046 1572 infestandos
2069 1529 2207 1570 usus

290 1615 415 1667 est:
447 1607 638 1685 jactis
655 1607 811 1667 enim
829 1606 1084 1667 molibus
1099 1607 1424 1668 continenti
1442 1627 1574 1668 eam
1594 1608 1913 1669 annexuit:
1955 1613 2041 1680 et,
2062 1626 2207 1688 quo-

293 1704 453 1763 niam
479 1701 588 1762 illa
613 1709 780 1784 parte
807 1702 1128 1764 infirmiora
1151 1703 1314 1764 urbis
1336 1713 1506 1765 erant
1527 1704 1765 1777 incenia,
1786 1703 2063 1787 operibus
2094 1723 2205 1767 ex·

291 1801 492 1862 citatis
519 1801 1020 1881 oppugnationem
1045 1799 1182 1861 inde
1209 1807 1302 1861 est
1322 1821 1504 1863 orsus.

371 1903 477 1960 37.
523 1895 650 1958 Sed
683 1915 912 1978 pugnas
947 1893 1288 1958 Hamilcari
1318 1915 1456 1958 cum
1489 1897 1582 1958 his
1615 1905 1679 1958 et
1702 1897 2070 1980 sequentium
2096 1915 2205 1958 an-

291 2010 502 2056 norum
543 1992 882 2055 consulibus
920 2003 1230 2076 pugnatas,
1257 2015 1450 2075 neque
1489 1995 1568 2056 ob
1607 1995 1997 2077 frequentiam
2035 2015 2204 2076 posse
2258 2005 2435 2078 Polyb.
2454 2022 2495 2060 ι.

291 2090 571 2163 describi,
614 2110 806 2171 neque
847 2092 926 2152 ob
964 2091 1408 2153 similitudinem
1442 2111 1685 2154 casuum
1726 2091 1965 2165 debere,
2008 2091 2203 2176 Poly·
2226 2079 2310 2128 ⁶⁷·

291 2189 428 2249 bins
467 2188 731 2250 censuit:
773 2207 908 2249 cum
948 2189 1203 2250 triennio
1235 2188 1360 2250 fere
1385 2191 1665 2253 continuo
1690 2189 1988 2271 Epierctae
2012 2199 2208 2252 castra

293 2286 522 2346 habens
569 2305 706 2346 cum
757 2284 1053 2346 Romanis
1099 2285 1370 2360 ducibus,
1422 2287 1681 2348 maxime
1730 2297 2043 2370 postquam
2090 2286 2207 2362 illi,

289 2385 502 2444 eastris
545 2391 684 2443 ante
729 2381 1098 2444 Panormum
1144 2381 1376 2455 locatis,
1419 2383 1526 2446 vix
1572 2385 1833 2467 quinque
1882 2383 2207 2446 stadiorum

289 2477 674 2541 intervallum
713 2478 864 2540 inter
897 2499 960 2540 se
993 2487 1058 2540 et
1091 2479 1321 2542 hostem
1355 2479 1746 2562 reliquissent,
1782 2480 2206 2564 propemodum

293 2574 646 2658 quotidiana
669 2575 875 2658 praelia
899 2575 1140 2639 fecerit:
1187 2595 1379 2658 neque
1402 2578 1558 2640 enim
1583 2586 1691 2640 aut
1712 2579 1927 2662 quietae
1952 2597 2044 2641 res
2080 2598 2207 2640 esse

294 2682 597 2758 poterant,
621 2694 759 2735 cum
783 2674 1009 2736 collata
1031 2675 1239 2736 castris
1262 2682 1458 2737 castra
1491 2685 1717 2748 ement3
1764 2695 1958 2756 neque
1982 2694 2207 2737 rursum

295 2771 372 2832 ad
419 2772 712 2834 universae
744 2769 1138 2833 dimicationis
1175 2770 1486 2835 discrimen
1523 2782 1765 2834 ventum
1810 2781 1919 2834 est.
2003 2772 2209 2835 Multa

297 2872 452 2930 enim
499 2868 926 2951 prohibebant:
969 2868 1266 2951 praecipue
1304 2868 1467 2950 quod
1510 2870 1642 2951 pari
1679 2869 1981 2951 copiarum
2024 2869 2206 2930 firmi-

297 2966 527 3038 tudine,
583 2964 964 3046 locorumque
1011 2966 1460 3041 munitionibus,
1509 2966 1691 3027 etiam
1734 2968 1837 3047 qui
1890 2968 1953 3027 in
2001 2967 2209 3049 proelio

297 3063 602 3125 inferiores
621 3062 877 3136 fixerant,
901 3063 1206 3125 vicinitate
1229 3072 1551 3124 castrorum
1575 3072 2032 3145 protegerentur.
2106 3064 2210 3125 Ita

301 3159 507 3233 fiebat,
533 3168 606 3221 ut
641 3161 794 3220 inter
835 3159 1214 3242 pugnandum
1252 3180 1482 3242 semper
1505 3160 1693 3242 aliqui
1720 3160 2037 3223 cederent:
2078 3162 2209 3223 acie

299 3256 480 3319 semel
523 3256 830 3330 inclinata,
853 3265 1015 3319 tutus
1040 3256 1120 3317 ad
1153 3258 1518 3319 munimenta
1539 3265 1811 3340 receptus
1834 3265 2005 3319 emet.
2087 3255 2207 3319 Ce-
2471 3334 2479 3342 ι

301 3364 491 3415 terum
515 3352 730 3414 eodem
756 3373 913 3414 anno
934 3374 1056 3435 quo
1081 3352 1368 3436 Drepana
1390 3354 1626 3415 obsessa
1664 3362 1822 3429 sunt,
1850 3374 1965 3417 non
2002 3354 2210 3418 Sicula
2230 3376 2403 3429 zona,

301 3451 504 3524 modo,
529 3449 637 3511 sed
679 3452 859 3512 etiam
894 3449 1116 3511 Italica
1155 3450 1356 3513 littora
1381 3448 1955 3531 Carthaginiensium
1992 3451 2211 3515 classes

303 3548 692 3610 infestarunt:
727 3549 938 3630 etipse
964 3545 1308 3622 Hamilcar,
1327 3546 1729 3631 depraedando
1747 3548 2027 3631 quicquid
2058 3550 2210 3613 adiri
2232 3542 2537 3613 abb-¹3⁶·

300 3652 560 3725 poterat,
597 3646 954 3706 maritimam
980 3642 1180 3707 Italiae
1216 3664 1382 3708 oram
1406 3645 1484 3706 ad
1521 3644 1823 3707 Cumanos
1844 3665 2026 3728 usque
2064 3646 2213 3709 fines

301 3742 690 3823 pervastavit.

388 3847 490 3901 38.
533 3839 660 3899 His
685 3838 1112 3901 incursionibus
1136 3846 1199 3901 et
1223 3837 1442 3901 Siculis
1462 3840 1677 3921 pugnis
1700 3856 1837 3901 cum
1866 3837 2038 3901 multi
2074 3836 2209 3900 Ro-

303 3954 614 3997 manorum
649 3936 872 3997 civium
911 3936 972 3996 in
1013 3936 1290 3997 servitute
1327 3934 1485 4017 apud
1533 3937 1732 3996 hosta
1772 3943 1985 4007 essent,
2029 3933 2213 3997 duces

307 4032 586 4094 Romani
626 4054 768 4094 cum
807 4033 1018 4094 Poenis
1061 4033 1224 4115 pacti
1247 4038 1404 4104 sunt,
1422 4038 1491 4093 ut
1535 4032 1758 4114 captivi
1802 4040 2206 4113 permutaren-
2248 4040 2359 4095 Ην.
2384 4054 2531 4093 xxxx.

305 4142 444 4193 tur:
471 4140 604 4195 utra
628 4152 768 4215 pars
785 4130 982 4213 plures
1006 4130 1350 4212 accepisset,
1365 4129 1590 4212 argenti
1619 4128 1817 4211 pondo
1842 4129 1981 4192 bina
1994 4138 2058 4193 et
2074 4128 2211 4192 seli·
2234 4113 2322 4163 ²⁸·

751 4382 777 4429 1
814 4375 950 4431 Eud.
974 4384 1097 4431 ante
1119 4378 1274 4433 (ἔην.
1307 4394 1442 4444 qum
1463 4378 1713 4432 Peliaden
1732 4377 1957 4429 inulam.
