3300 5225
1087 539 1232 588 mn.
1281 535 1510 586 xxm.
1554 537 1723 587 οη.
1762 519 1873 587 42.
2394 521 2567 587 2061

368 689 551 776 quin,
575 685 708 754 nisi
734 705 820 752 ea
846 703 1039 751 mora
1064 683 1547 762 intervenisset,
1577 689 1803 750 eastra
1842 701 1929 750 eo
1976 683 2087 749 die
2114 682 2383 748 Punica
2408 685 2571 768 capi

367 791 730 880 potuerint.
817 787 976 854 Jam
1001 795 1048 834 ¹5
1077 805 1212 852 non
1241 787 1492 851 milites
1528 786 1769 869 solum,
1811 784 1937 852 sed
1980 787 2322 871 elephanti
2364 787 2571 852 etiam

367 914 592 981 usque
620 893 707 960 ad
735 893 990 959 vallum
1031 891 1164 955 acti
1199 897 1410 968 erant,
1457 909 1791 975 superque
1835 887 2026 976 ipso¹
2068 909 2307 954 novem
2351 893 2421 954 et
2460 891 2575 956 tri-

365 999 570 1082 ginta
599 995 944 1078 elephanti
974 989 1438 1077 pilis·confixi.
1526 993 1691 1058 Hoc
1720 1011 1986 1078 qnoque
2014 993 2252 1077 praelio
2278 991 2363 1056 ad
2402 991 2570 1058 dno-

369 1101 589 1166 decim
637 1098 856 1164 millia
905 1095 1242 1168 hominum
1294 1094 1608 1160 dicuntur
1654 1113 1865 1173 caesa,
1915 1113 2125 1179 prope
2169 1094 2298 1159 tria
2342 1102 2573 1178 capta,

369 1223 522 1270 cnm
555 1202 764 1286 signis
792 1199 1195 1265 militaribus
1225 1206 1486 1282 septem
1517 1206 1586 1263 et
1611 1199 2115 1283 qninquaginta.
2179 1195 2293 1262 Ad
2322 1196 2573 1272 Aurin-

371 1301 540 1390 gen¹⁸
589 1304 744 1370 inde
785 1303 1020 1367 urbem
1062 1301 1268 1367 Poeni
1316 1319 1698 1383 recesser03
1740 1311 1834 1380 et,
1879 1308 1956 1366 ut
1992 1301 2232 1367 territis
2269 1303 2573 1382 instaret,

370 1414 652 1474 secutus
695 1404 1070 1470 Romanus.
1155 1403 1269 1470 Ibi
1311 1403 1550 1468 iterum
1597 1405 1835 1489 Scipio
1884 1402 2196 1469 lecticula
2238 1405 2309 1468 in
2358 1405 2575 1469 aciem

367 1512 594 1576 illatus
623 1509 964 1574 conflixit:
1008 1525 1138 1571 nec
1183 1506 1388 1571 dubia
1427 1507 1716 1572 victoria
1756 1508 1921 1573 fnit:
1964 1508 2187 1573 minus
2216 1513 2441 1572 tamen
2470 1507 2575 1572 di-

367 1613 582 1680 midio
609 1611 923 1689 hostium,
968 1629 1180 1694 qnam·
1219 1617 1441 1686 antea,
1495 1610 1660 1694 quia
1706 1610 2061 1694 pauciores
2091 1609 2574 1695 superfuerant,

368 1714 490 1800 qni
519 1717 911 1798 pugnarent,
942 1713 1266 1778 occisum.
1353 1710 1490 1776 Sed
1525 1731 1685 1795 gens
1716 1721 1879 1778 nata
1903 1712 2354 1778 instaurandis
2383 1731 2575 1794 repa-

369 1817 734 1902 randisque
765 1816 984 1894 bellist,
1029 1813 1326 1896 Magone
1375 1813 1466 1878 ad
1504 1815 2061 1899 conquisitionem
2100 1809 2414 1880 militnm¹
2439 1813 2576 1879 fra-

371 1927 468 1986 tre
490 1918 542 1961 ¹⁶
567 1921 796 1998 misso,
815 1918 1010 1986 brevi
1037 1917 1327 2003 replevit
1355 1917 1749 2000 exercitum,
1770 1919 2167 2004 animosque
2198 1918 2287 1984 ad
2316 1923 2578 1984 tentan-

1631 2102 1662 2124 O

437 2239 501 2285 1⁵
537 2233 686 2284 Exitu
709 2231 908 2284 addunt
929 2233 1064 2285 Edd.
1089 2233 1602 2288 ante'GronoV.--16
1631 2236 1650 2266 ⁶
1675 2232 1911 2285 Primum
1945 2233 2135 2298 legenti
2157 2232 2280 2284 mibi
2301 2229 2578 2284 videbatur

372 2300 652 2364 legendum
669 2315 780 2350 esse
817 2316 848 2349 a
865 2299 1048 2363 fratre,
1084 2299 1222 2362 quod
1245 2307 1299 2350 et
1324 2301 1446 2351 viris
1470 2300 1636 2350 doctis
1660 2300 1967 2365 jamdudum
1992 2301 2173 2354 visum,
2195 2306 2250 2349 et
2270 2313 2303 2348 a
2328 2300 2577 2364 Doujatio

370 2367 504 2416 adeo
529 2373 794 2426 receptum
820 2364 988 2421 video,
1024 2365 1166 2414 nulla
1207 2372 1377 2414 tamen
1411 2367 1655 2416 librorum
1693 2367 2036 2414 auctoritate:
2072 2363 2262 2413 deinde
2284 2377 2342 2412 re
2365 2379 2579 2414 accurs·

373 2433 477 2482 tius
499 2431 814 2493 examinata,
841 2429 1019 2478 meiius
1053 2429 1260 2494 quidem
1287 2431 1534 2492 putabam
1564 2433 1608 2478 si
1631 2428 1913 2479 adderetur
1935 2429 2250 2493 prepositio,
2272 2442 2373 2478 non
2398 2435 2577 2480 tamen

371 2497 736 2546 necessarium.
805 2495 1003 2557 Magno
1025 2495 1292 2546 Gronovio
1317 2496 1530 2561 aliisque
1565 2496 1689 2546 viris
1714 2495 1881 2545 doctis
1902 2494 2073 2544 fraudi
2096 2493 2217 2552 fuit,
2259 2494 2395 2558 qnod
2422 2508 2574 2544 voca·

371 2561 551 2613 bulum
586 2575 708 2624 gens
753 2574 1028 2625 perperam
1068 2561 1438 2623 intelligerent.
1522 2560 1642 2611 Non
1678 2561 1819 2609 enim
1856 2559 2119 2624 signifieat
2152 2560 2206 2608 h.
2251 2559 2289 2608 l.
2323 2559 2576 2610 Punicam

371 2634 601 2691 gentem,
621 2640 712 2676 seu
739 2628 982 2690 populum
1008 2625 1506 2690 Carthaginiensem,
1538 2628 1628 2677 sed
1645 2631 1841 2689 gentem
1860 2627 2141 2689 Bar-cinam,
2162 2623 2351 2675 fratres
2374 2626 2579 2675 Hanni-

372 2692 563 2748 balem.
601 2691 1002 2753 Hasdrubalem,
1023 2700 1078 2741 et
1101 2693 1398 2755 Magonem,
1424 2692 1733 2742 Hamilcaris
1756 2690 1913 2741 filios:
1950 2692 2018 2740 de
2051 2707 2151 2757 qua
2172 2698 2333 2755 gente
2368 2698 2425 2739 et
2458 2706 2576 2753 snp-

373 2756 494 2809 Lib.
513 2770 632 2807 ιιι.
655 2771 772 2821 cap.
795 2762 873 2806 lo.
905 2757 1149 2807 dixerat:
1185 2761 1201 2785 ⁴
1223 2770 1324 2807 nec
1348 2772 1568 2821 nuquam
1593 2758 1762 2807 donec
1787 2757 2047 2821 sanguinis
2088 2757 2308 2805 nominis
2348 2770 2411 2804 ue
2449 2757 2578 2808 Bar·

373 2822 787 2939 3¹:3⁶2:thae
803 2822 1340 2937 &ipissi‘mq'iiii'c'ii
1373 2820 2578 2950 ¹³25:‘352.‘⁰5‚?.⁰.;:;'...¹.'5..⁶¹;333..22‘i512}22

373 2952 506 3003 brevi
524 2953 724 3016 replevit
743 2904 1307 3017 exerciffumfanimosque
1327 2904 1448 3013 J'efie
1471 2954 1583 3003 scil.
1606 2954 1863 3003 exercitui
1882 2968 1895 2999 ε
1937 2904 2159 3015 repleeit
2179 2959 2353 3002 antem
2376 2922 2581 3001 exer-ci:

374 3024 504 3073 tum.
525 3018 650 3068 dnm
685 3032 815 3068 unus
845 3018 1062 3068 fratrum
1101 3019 1262 3081 Mago
1293 3018 1593 3069 mitteretur
1617 3018 1683 3068 ad
1704 3018 2132 3081 conquisitionem
2156 3018 2397 3066 militnm.
2458 3016 2579 3067 Hac

377 3084 514 3132 enim
538 3084 802 3134 sententia
824 3092 970 3135 recte
993 3082 1095 3133 dici
1121 3098 1270 3148 posse
1293 3093 1452 3145 puto:
1483 3098 1604 3147 gens
1621 3116 1636 3133 .
1654 3118 1669 3133 .
1688 3084 1876 3143 .smtrae
1896 3084 2056 3147 misso,
2077 3082 2277 3145 replevit
2298 3080 2579 3133 exereitum.

375 3148 452 3197 Ut
477 3158 648 3199 tamen
672 3149 856 3199 melius
879 3156 1134 3214 putarem,
1171 3150 1213 3198 si
1251 3148 1529 3200 adderetur
1565 3150 1883 3213 praepositio,
1906 3148 2189 3212 disjunctio
2212 3147 2578 3197 vocabulorum

375 3212 619 3276 Magone.
639 3215 858 3273 ..fratre
892 3213 1069 3264 efficit.
1153 3214 1390 3279 Namque
1427 3216 1471 3264 si
1489 3215 1659 3274 fratre
1696 3214 1819 3264 nihil
1854 3212 1945 3261 nisi
1982 3213 2239 3277 appositio
2259 3213 2349 3262 nii
2368 3214 2581 3275 Magone

377 3286 534 3342 esset,
571 3278 774 3329 Livium
813 3280 984 3344 potius
1007 3279 1211 3344 junctis
1250 3280 1464 3331 vocibus
1497 3281 1707 3343 Magone
1725 3278 1892 3339 fratre
1911 3280 1975 3329 ad
1994 3293 2157 3343 conqa.
2176 3278 2277 3329 mil.
2296 3292 2362 3328 m.
2382 3278 2579 3329 dixisse

1357 3426 1575 3479 NOTAE

443 3522 458 3557 ί
489 3524 731 3589 Superque
761 3520 886 3588 ipso]
918 3524 1088 3591 Super
1113 3522 1271 3574 Vallo
1301 3522 1437 3575 scili·
1517 3538 1669 3589 qnam
1701 3520 1920 3575 Munda.
1982 3524 2213 3574 Beutero
2234 3522 2394 3587 igitur
2414 3474 2581 3572 libeu-¹
2658 3524 2673 3543 ‘

375 3607 485 3663 cet,
509 3614 602 3651 sen
624 3599 690 3649 ad
711 3601 935 3651 Vallum.
1517 3600 1622 3650 tius
1656 3600 1965 3651 accesserim
1996 3598 2080 3649 eui
2111 3598 2314 3650 Aurinx
2352 3607 2432 3649 est
2466 3599 2579 3647 Mo·

437 3675 466 3711 ⁴¹
497 3678 581 3729 Aa
615 3678 889 3742 Auringem]
929 3678 1148 3737 Aurinx,
1185 3679 1294 3729 sive
1331 3678 1438 3731 Au·
1516 3692 1622 3739 m,
1645 3676 1786 3726 inter
1805 3675 2059 3727 Mundam
2090 3684 2148 3727 et
2177 3675 2456 3741 Hispalim.
2505 3675 2577 3727 V.

377 3754 496 3818 rigi,
539 3760 598 3803 ut
644 3755 700 3803 in
747 3754 971 3818 antiquis
1019 3755 1440 3820 inscriptionibus
1520 3753 1607 3805 lib.
1631 3766 1839 3803 xxvm.
1860 3768 1909 3804 c.
1930 3756 1981 3802 8.

379 3838 613 3889 vocatur,
645 3830 862 3879 Baeticae
899 3829 1022 3879 urbs
1061 3830 1162 3880 fuit
1198 3832 1308 3882 sine
1345 3830 1440 3881 dn·
1584 3830 1597 3864 ¹
1628 3830 1841 3893 Magone
1870 3832 1934 3880 ad
1951 3828 2337 3893 conquisitionem
2352 3828 2581 3896 Murem]

376 3906 498 3956 bio:
541 3922 642 3970 qna
676 3907 728 3955 in
769 3914 916 3969 parte
951 3905 1132 3968 fuerit,
1163 3908 1440 3959 incertum.
1516 3907 1570 3959 Si
1603 3922 1722 3957 cnm
1756 3907 2127 3972 praepositione
2156 3904 2439 3967 scribatur,
2462 3906 2580 3954 Ma·

379 3984 555 4033 Clusio
591 3990 647 4033 et
675 3983 920 4033 Floriano
954 3990 1037 4033 est
1067 3984 1254 4046 Δήοιιιι
1280 3986 1438 4051 juxta
1512 3998 1636 4046 gone
1666 3985 1731 4033 od
1760 3982 2148 4047 conquisitionem
2174 3982 2385 4033 militum
2414 3996 2447 4033 a
2464 3982 2580 4042 sra-

373 4060 544 4113 Jae'n:
585 4060 834 4111 Marianae
869 4062 1039 4125 ipsum
1067 4061 1212 4118 Ja'e'n,
1245 4062 1296 4111 in
1331 4061 1438 4113 An·
1515 4065 1590 4110 tre
1609 4060 1785 4108 misso.-
1814 4058 2141 4121 intelligetur
2164 4056 2342 4107 fratris
2371 4058 2581 4108 nomine

375 4136 578 4186 delusis
595 4134 877 4186 Orientali.
927 4136 1121 4186 Verum
1139 4136 1214 4184 his
1229 4135 1439 4188 obstare
1517 4135 1816 4185 Hasdrubal
1840 4134 2151 4185 Hamilcaris
2168 4133 2333 4185 filius:
2366 4142 2421 4183 et
2442 4133 2580 4199 quod

378 4212 587 4263 videtur
616 4212 755 4277 qnod
781 4212 930 4262 Poeni
962 4227 994 4262 a
1023 4211 1224 4261 Munda
1249 4212 1439 4263 Aurin-
1517 4211 1767 4277 sequitur,
1789 4211 1920 4262 brevi
1949 4212 2147 4275 replevit
2171 4211 2447 4268 exercitum,
2476 4226 2579 4261 non

377 4304 481 4353 gen
521 4290 799 4340 recessisse
831 4290 1109 4353 dicuntnr3
1152 4290 1204 4340 id
1238 4297 1340 4354 est,
1385 4291 1436 4341 in
1517 4290 1845 4341 incommode
1882 4290 2144 4342 referetur
2182 4290 2247 4342 ad
2291 4291 2579 4357 superiora.

375 4366 629 4418 ulteriora
661 4365 928 4430 Hispania
957 4366 1180 4415 abiisse:
1213 4368 1326 4417 haec
1348 4382 1436 4418 au·
1509 4382 1634 4429 gens
1679 4374 1796 4419 nata
1845 4368 2171 4419 inuamndis
2214 4369 2579 4434 reparandisque

374 4450 482 4495 tem
503 4444 618 4495 locs
637 4443 886 4507 propiora
905 4442 1134 4495 citeriori
1161 4442 1434 4509 Hispanias
1515 4445 1669 4495 benis.
