3300 5225
982 559 1131 610 mn.
1178 528 1432 610 xxm?
1468 557 1635 608 car.
1679 540 1788 608 17.
2309 536 2486 605 1917

281 706 491 772 minor
519 704 805 772 victoria
831 701 975 782 fuit,
1006 704 1239 790 ingens
1262 723 1347 770 eo
1374 703 1481 770 die
1506 723 1641 784 res,
1667 723 1752 770 ac
1779 698 2036 782 nescio,
2066 719 2150 768 an
2181 699 2484 767 maxima

280 807 403 873 illo
442 807 621 872 bello
666 814 855 890 gesta
902 807 1071 872 sit.¹⁷
1159 803 1229 872 N
1232 827 1315 872 on
1356 807 1538 873 vinci
1574 807 1752 872 enim
1789 806 1876 874 ab
1909 805 2295 872 Hannibale
2325 809 2481 870 tunc

281 911 707 978 vincentibus
726 909 778 950 ¹⁸
802 909 1139 976 difficilius
1168 910 1347 990 fuit,¹¹
1371 929 1573 995 quam
1592 916 1835 997 postea
1861 909 2148 976 vincere.

368 1013 473 1079 17.
520 1011 893 1090 Hannibal,
925 1031 1048 1096 spe
1076 1009 1423 1098 potiundae
1460 1012 1656 1080 Nolae
1687 1012 1979 1092 ademta,
2010 1031 2160 1078 cum
2193 1009 2484 1078 Acerras

276 1114 695 1191 recessisset,
748 1111 1120 1180 Marcellus
1179 1115 1547 1198 extemplo,
1596 1115 1855 1182 clausis
1907 1115 2128 1203 portis
2187 1115 2482 1180 custodi-

277 1217 545 1301 busque
587 1216 961 1302 dispositis,
990 1237 1073 1282 ne
1110 1217 1263 1304 quis
1295 1216 1738 1302 egrederetur,
1769 1217 2206 1306 quaestionem
2233 1218 2302 1283 in
2332 1218 2480 1284 foro

276 1319 367 1413 de
398 1321 503 1396 iis,
530 1321 649 1404 qui
672 1321 845 1386 clam
874 1321 941 1386 in
971 1321 1327 1407 colloquiis
1348 1321 1643 1388 hostium
1661 1323 1939 1404 fuerant,
1961 1322 2231 1392 habuitt
2275 1339 2481 1406 supra

277 1425 703 1511 septuaginta
729 1423 1090 1490 damnatos
1120 1423 1515 1509 proditionis
1536 1427 1756 1492 securi
1781 1427 2132 1512 percussit,
2153 1427 2478 1510 bonaque

278 1545 509 1592 eorum
528 1524 739 1611 jussit
768 1527 1045 1612 publica
1073 1529 1304 1612 populi
1333 1527 1627 1595 Romani
1647 1537 1700 1582 ¹⁹
1737 1549 1923 1595 esse:
1967 1535 2052 1608 et,
2082 1549 2345 1596 summa
2373 1549 2480 1595 re-

276 1649 423 1696 rum
467 1630 727 1698 senatui
774 1629 1039 1711 tradita,
1082 1651 1239 1697 cum
1284 1632 1581 1699 exercitu
1624 1634 1806 1698 omni
1853 1631 2222 1718 profectus,
2269 1651 2478 1718 supra

276 1732 673 1800 Suessulam
718 1735 961 1801 castris
1003 1736 1247 1822 positis
1276 1735 1611 1802 consedit.
1701 1735 1986 1812 Poenus,
2013 1733 2302 1801 Acerras
2347 1737 2480 1820 pri-

272 1855 455 1902 mum
508 1835 595 1902 ad
640 1837 1095 1904 voluntariam
1135 1837 1539 1904 deditionem
1591 1843 1874 1904 conatus
1914 1837 2254 1921 perlicere,
2295 1845 2478 1921 post·

276 1957 485 2022 quam
528 1939 909 2006 obstinatos
950 1940 1141 2018 vidit,
1172 1939 1480 2006 obsidere
1507 1940 1669 2005 inde
1699 1945 1902 2025 atque
1933 1957 2322 2025 oppugnare
2353 1957 2478 2023 pa-

272 2045 399 2106 rat.
504 2039 813 2108 Ceterum
871 2041 1243 2109 Acerranis
1288 2043 1443 2128 plus
1491 2044 1721 2121 animi,
1761 2062 1960 2128 quam
2005 2043 2268 2120 virium,
2310 2048 2476 2112 erat.
2557 2041 2564 2048 ’

278 2143 548 2230 Itaque,
577 2143 934 2229 desperata
978 2146 1192 2212 tutela
1220 2145 1429 2226 urbis,
1460 2153 1537 2212 ut
1573 2145 2068 2212 circumvallari
2097 2144 2348 2211 moenia
2377 2146 2479 2210 vi-

274 2245 537 2326 derunt,
568 2247 779 2332 prius,
808 2267 1009 2332 quam
1052 2249 1602 2314 continuarentur
1642 2247 1936 2314 hostium
1971 2267 2200 2332 opera,
2228 2267 2346 2332 per
2373 2247 2476 2312 in·

273 2350 587 2415 termissa
622 2349 1035 2416 munimenta
1068 2351 1542 2435 neglectasque
1584 2351 1931 2416 custodias
1961 2351 2227 2415 silentio
2255 2350 2476 2415 noctis

276 2451 556 2536 dilapsi,
596 2471 718 2536 per
756 2452 905 2518 vias
948 2452 1287 2537 inviaque,
1332 2472 1469 2536 qua
1486 2459 1544 2490 ²⁰
1586 2472 1922 2539 quemque
1968 2461 2085 2518 aut
2123 2451 2476 2518 consilium

275 2561 395 2623 aut
432 2574 611 2623 error
630 2563 649 2594 ¹
671 2563 699 2592 ⁸
744 2555 915 2639 tulit,
960 2556 1031 2622 in
1076 2556 1280 2623 urbes
1327 2555 1742 2641 Campaniae,
1789 2575 1966 2642 quas
2013 2555 2180 2623 satis
2224 2563 2472 2621 certum

1195 2720 1491 2743 mmoo
1496 2722 1556 2744 Ν

270 2816 439 2869 tradit
462 2818 607 2871 Plut.
632 2819 685 2871 in
712 2820 965 2891 Marcello
989 2835 1041 2884 p.
1062 2824 1177 2872 804.
1202 2822 1289 2873 ubi
1310 2822 1471 2875 etiam
1491 2829 1688 2881 monet,
1709 2822 1956 2873 minorem
1979 2835 2226 2873 emotum
2245 2820 2472 2873 boetium

270 2898 539 2935 numerum
576 2900 607 2935 a
655 2886 798 2937 Livio
834 2886 1147 2937 memorari.'
1182 2888 1387 2951 Rapm.
1456 2890 1570 2939 Noa
1602 2890 1712 2953 plus
1735 2888 1808 2939 D.
1843 2888 2083 2939 Βοιιωιοε
2105 2888 2339 2939 Crevier.
2405 2886 2473 2937 lu

271 2949 427 3000 Crev.
450 2950 573 3001 min.
592 2966 686 3001 noa
704 2968 753 3015 p.
783 2952 1057 3015 quingentis
1081 2953 1320 3003 Romanos
1341 2954 1678 3019 legiture-l't
1713 2954 1810 3003 Vir
1830 2953 2015 3005 doctus
2036 2968 2122 3016 ap.
2143 2951 2198 3005 J.
2225 2954 2284 3003 Ρ.
2307 2952 2472 3003 Grou.

263 3020 409 3079 gesta
442 3019 661 3065 ιιι-18
691 3016 707 3043 ‘
728 3017 925 3067 Vocem
947 3024 1080 3079 tunic,
1118 3018 1205 3067 cui
1236 3024 1403 3081 postea
1432 3020 1736 3083 opponitur,
1759 3032 1792 3069 e
1815 3019 1977 3068 tribus
1999 3016 2129 3069 Mu.
2153 3018 2330 3084 recepi
2352 3031 2472 3068 curn

268 3080 473 3131 Stroth.
497 3088 553 3130 et
570 3079 633 3129 rb
652 3082 945 3133 uincentibus
966 3084 1066 3145 (rc.
1092 3080 1368 3147 Romania)
1390 3084 1702 3149 ejiciendum
1727 3082 1886 3147 puto!
1923 3084 2128 3146 Rapert.
2539 3078 2546 3085 “

339 3149 405 3197 19
434 3145 615 3196 Verba
640 3149 803 3212 populi
824 3148 1031 3199 Romai
1053 3146 1241 3201 absunt
1275 3150 1344 3201 ab
1379 3149 1516 3202 Edd.
1538 3156 1661 3201 ante
1685 3149 2050 3201 Gronov—2⁰
2081 3146 2228 3213 conj.
2247 3146 2469 3213 nupert.

1258 3298 1481 3350 NOTA-2

266 3404 400 3449 aura,
420 3390 589 3458 iuquit
610 3388 925 3445 Gronovius.
973 3391 1079 3445 sed
1095 3394 1335 3445 meno·
1411 3394 1772 3446 :intuentibus
1789 3400 2021 3445 sumatur
2047 3406 2163 3459 pro,
2173 3394 2283 3459 jam
2307 3394 2472 3445 vieto-

266 3468 410 3521 idem
432 3478 517 3520 est
538 3482 602 3519 ac
623 3483 689 3519 ex
711 3476 862 3533 parte
882 3470 1248 3523 Romanorum.
1409 3471 1571 3529 ribus,
1592 3470 1643 3521 id
1682 3478 1780 3533 eet,
1813 3470 1877 3519 ila
1907 3471 1994 3535 qni
2027 3482 2166 3519 nunc
2189 3469 2256 3519 ad
2281 3472 2326 3521 N
2333 3471 2470 3522 olam

332 3556 357 3583 ⁸
377 3546 1329 3599 Naviaeieainabflaaaibaleoinm-
1410 3550 1704 3600 vincebant.
1771 3548 1912 3600 Illud
1945 3562 2070 3598 aaue
2103 3549 2302 3613 iugens,
2330 3548 2471 3616 quod

268 3623 797 3692 ribaudifflciliaafuit]
828 3624 961 3677 Quoe
977 3625 1045 3676 rit
1069 3626 1333 3675 aeutentla
1409 3634 1529 3693 post
1574 3627 1902 3677 Cannensem
1961 3625 2314 3676 calamitatem
2365 3626 2470 3690 pri·

266 3702 419 3768 injus
460 3700 583 3767 loci,
618 3700 833 3752 difficile
867 3708 951 3751 eat
988 3712 1197 3765 capere,
1228 3702 1328 3753 alul
1406 3720 1545 3755 mum
1567 3704 1810 3755 Marcelli
1839 3701 1906 3753 ad
1946 3702 2132 3753 Nolam
2168 3703 2352 3766 praelio
2373 3717 2466 3768 po·

268 3779 383 3847 qnia
404 3776 645 3829 docuerit
664 3778 871 3829 eoadem
890 3776 1075 3828 eodem
1090 3783 1327 3843 tempore

268 3866 327 3910 et
350 3857 517 3908 vieto·
532 3862 591 3907 et
611 3854 841 3905 victores
856 3868 973 3906 eene
992 3868 1167 3919 posse.
1208 3854 1327 3907 Hoc

270 3934 405 3984 vidit
436 3934 593 3984 laur.
628 3931 801 3993 Vaila,
837 3932 923 3997 qui
952 3932 1198 3997 opinatur
1229 3946 1329 3994 pro

261 4010 559 4063 eim-tibus
587 4006 867 4073 legendum
900 4022 1037 4073 ene,
1070 4015 1165 4061 aut
1198 4008 1329 4060 eiaei

263 4087 437 4145 alitia,
462 4084 573 4135 aive
594 4083 722 4135 viaet·
738 4084 907 4149 uem,
937 4091 1026 4134 aut
1045 4084 1233 4135 sineere
1248 4098 1325 4135 εο-

262 4164 375 4225 tito,
395 4176 491 4213 eeu
520 4162 711 4211 vincere
730 4166 883 4219 ueto.
907 4160 1199 4213 Hannibale
1226 4162 1325 4213 eei·

262 4241 411 4290 licet.
477 4238 609 4289 Mihi
632 4238 715 4287 vel
736 4238 1015 4289 delendum
1034 4239 1245 4289 omnino
1265 4240 1327 4289 ll·

262 4318 357 4369 lud
374 4316 674 4369 uiuentibus
692 4316 899 4367 videtur
915 4332 931 4379 ς
973 4317 1055 4366 vel
1076 4317 1195 4381 ejus
1212 4316 1330 4368 loeo

266 4394 621 4451 scribendum,
646 4394 791 4443 uicti·
808 4393 921 4454 jam
939 4398 1131 4458 rapina.
1197 4394 1330 4445 Poa-

264 4482 348 4528 aet
372 4481 547 4527 tamen
578 4471 647 4523 ad
682 4471 940 4523 Romanor
965 4468 1101 4521 forte
1122 4468 1329 4536 referri,

1411 3783 1561 3847 pulum
1582 3781 1844 3831 Romanus
1866 3792 1925 3827 ae
1948 3779 2136 3843 erexit,
2157 3786 2212 3828 ut
2225 3780 2300 3829 ait
2313 3778 2466 3831 Cice-

1406 3874 1467 3910 ro
1488 3858 1541 3908 in
1558 3858 1747 3909 Bruto.
1781 3854 1886 3907 Hic
1901 3856 2180 3906 Marcellus
2195 3870 2310 3905 cum
2327 3854 2468 3907 vinei

1407 3946 1563 3999 posse
1598 3931 1950 3983 Hannibalem
1973 3932 2217 3995 exemplo
2255 3946 2348 3981 suo
2370 3930 2466 3983 do·

1402 4012 1618 4069 cuisaet,
1638 4011 1987 4061 Romanorum
2011 4008 2211 4070 gladius
2233 4008 2334 4060 diei
2359 4022 2467 4061 cte·

1403 4091 1505 4157 pit,
1521 4085 1950 4155 quemadmodum
1965 4086 2151 4137 Fabius
2163 4100 2338 4136 eorum
2355 4087 2466 4152 ely·

1406 4182 1535 4233 pene
1552 4166 1860 4217 habebatur.

1470 4250 1497 4289 β
1537 4240 1643 4293 Aac
1681 4239 1926 4290 maim
1965 4242 2052 4288 aut
2086 4252 2220 4287 mr
2261 4239 2466 4305 [terror]

1408 4318 1732 4369 Dubitauter
1751 4314 1980 4365 Gronov.
2003 4320 2057 4364 at
2073 4314 2268 4379 Tanaq.
2293 4316 2464 4366 Faber

1410 4396 1554 4445 velut
1574 4398 1726 4444 certo
1743 4390 1990 4442 emendat
2010 4404 2173 4441 error:
2207 4390 2460 4444 rationem

1408 4468 1748 4523 correctioni·
1775 4466 1868 4519 ille
1897 4464 2097 4531 adjicit,
2129 4465 2268 4559 quod
2307 4472 2462 4519 terror·
