3300 5225
1007 538 1157 589 mn.
1202 536 1378 589 xxi.
1420 538 1586 589 oar».
1628 520 1742 589 43.
2297 522 2469 591 1731

262 688 605 753 certamen
632 685 865 765 edidit,
893 690 960 752 et
986 686 1223 773 inclyti
1247 686 1485 774 populi
1502 704 1832 775 regesque
1851 684 2108 773 perlevi
2129 694 2468 757 momento
2511 738 2520 743 -

264 790 427 856 victi
461 798 643 856 sunt.
730 790 936 870 Nam,
957 789 1187 857 demto
1216 790 1343 858 boc
1369 810 1506 858 uno
1536 790 1793 875 fulgore
1815 791 2110 857 nominis
2149 788 2470 871 Romani,

262 894 433 979 qnid
464 902 599 972 est,
626 914 745 960 cur
772 894 917 960 illi⁴
959 894 1152 961 vobis
1183 894 1619 981 comparandi
1642 894 1820 961 siut'l
1867 892 1966 961 Ut
1997 894 2230 979 viginti
2257 914 2472 961 anno·

260 1016 411 1061 rum
458 996 773 1063 militiam
792 1008 819 1048 ¹²
862 1004 1152 1065 vestram
1195 1018 1349 1066 cnm
1392 998 1511 1065 illa
1552 1000 1820 1079 virtute,
1849 1016 2006 1064 cnm
2043 997 2162 1064 illa
2204 998 2472 1065 fortuna

262 1106 529 1165 taceam
554 1119 573 1181 3
619 1102 708 1166 ab
736 1101 1060 1167 Herculis
1090 1102 1448 1182 columnis,
1496 1100 1587 1169 ab
1612 1120 1872 1168 oceano
1903 1100 2340 1184 terminisque
2369 1100 2472 1167 ul-

264 1202 447 1267 timis
476 1211 816 1278 terrarum,
846 1224 967 1289 per
996 1209 1095 1271 tot
1120 1204 1573 1271 ferocissimos
1603 1202 1965 1290 Hispaniae
1991 1212 2056 1269 et
2073 1203 2324 1271 Gallias
2347 1222 2473 1288 po-

264 1305 487 1389 pulos,
516 1306 863 1373 vincentes
892 1308 1023 1374 huc
1044 1310 1463 1395 pervenistis.
1551 1308 1952 1393 Pugnabitis
1975 1308 1994 1343 ⁵
2043 1327 2194 1373 cnm
2216 1308 2472 1372 exerci-

264 1414 338 1473 tu
368 1411 610 1488 tirone,
629 1410 756 1477 bac
784 1412 935 1497 ipsa
960 1417 1199 1479 aestate
1228 1432 1436 1493 caeso,
1466 1413 1672 1490 victe,
1703 1410 2149 1479 circumsesso
2169 1406 2199 1450 ⁶
2243 1428 2287 1475 a
2307 1408 2474 1475 Gal-

264 1510 369 1590 lis,
392 1513 633 1596 ignoto
660 1513 877 1580 adbuc
905 1512 1065 1581 duci
1094 1522 1279 1597 ποθ
1320 1516 1780 1601 ignorantique
1824 1514 2088 1580 ducem.
2173 1510 2285 1579 An
2337 1530 2472 1593 me,

264 1614 335 1679 in
386 1616 705 1701 praetorio
756 1618 987 1703 patris,
1037 1618 1397 1685 clarissimi
1455 1618 1899 1703 imperatoris,
1947 1634 2162 1702 prope
2216 1618 2474 1693 natum,

265 1725 447 1784 certe
474 1718 847 1799 eductum,⁷
890 1718 1281 1789 domitorem
1316 1721 1676 1807 Hispaniae
1707 1720 2106 1805 Galliaeque,
2145 1717 2474 1784 victorem

266 1822 557 1889 cundem
592 1842 729 1888 non
758 1822 1153 1908 Alpinarum
1180 1823 1385 1891 modo
1427 1822 1751 1909 gentium,
1783 1822 1904 1889 sed
1933 1822 2256 1908 ipsarum,
2284 1818 2476 1908 quod

264 1925 479 1991 multo
508 1925 731 2011 majus
757 1933 885 2006 est,
906 1926 1208 2012 Alpium,
1238 1946 1393 1993 cum
1420 1927 1727 1993 semestri
1755 1927 1888 1992 hoc
1913 1924 2250 1993 conferam
2275 1923 2474 2003 duce,

266 2028 621 2094 desertore
661 2030 1001 2097 exercitus
1044 2031 1199 2097 sui'l
1246 2032 1353 2097 cui
1382 2032 1441 2097 si
1470 2031 1651 2117 quis,
1683 2030 1928 2095 demtis
1955 2027 2186 2114 signis,
2214 2024 2476 2099 Poenos

268 2128 754 2217 Romanosque
800 2132 1001 2199 hodie
1049 2135 1386 2215 ostendat,
1440 2136 1896 2221 ignoraturum
1937 2139 2190 2199 certum
2231 2130 2473 2209 babeo,

266 2236 485 2301 utrius
528 2236 862 2303 exercitus
891 2238 983 2303 sit
1009 2239 1262 2306 consul.
1352 2238 1517 2305 Non
1563 2258 1690 2323 ego
1727 2236 1893 2304 illud
1938 2234 2134 2321 parvi
2181 2232 2476 2310 aestimo,

266 2338 548 2418 milites,
570 2339 750 2424 quod
780 2360 974 2405 nemo
1004 2350 1295 2407 vestrum
1327 2348 1457 2422 est,
1488 2341 1690 2426 cnjus
1713 2359 1846 2407 non
1875 2344 2031 2405 ante
2061 2336 2296 2404 oculos
2325 2334 2476 2420 ipse

268 2458 461 2527 saepe
481 2442 768 2510 militare
799 2444 1077 2530 aliquod
1116 2446 1434 2512 ediderim
1465 2445 1772 2527 facinus;
1817 2444 1927 2509 cui
1955 2459 2090 2508 non
2117 2440 2293 2506 idem
2322 2455 2473 2522 ego,

266 2544 545 2611 virtutis
574 2554 913 2632 spectator
942 2568 1024 2616 ac
1051 2548 1270 2630 testis,
1297 2556 1531 2617 notata
1572 2548 1984 2633 temporibus
2026 2545 2334 2630 locisque
2357 2558 2473 2606 -re-

265 2648 439 2714 ferre
468 2669 595 2716 sua
624 2655 885 2736 possim
914 2652 1186 2719 decora.
1273 2653 1445 2720 Cum
1474 2652 1772 2719 laudatis
1819 2669 1862 2718 a
1906 2667 2014 2716 me
2055 2647 2302 2714 millies
2349 2644 2476 2711 do·

269 2753 643 2837 natisque,⁸
689 2755 1001 2821 alumnus
1029 2757 1217 2842 prins
1256 2757 1549 2823 omnium
1576 2761 1918 2834 vestrum,¹
1958 2771 2161 2838 quam
2189 2749 2476 2834 impera·

268 2864 401 2936 tor,
454 2859 815 2943 procedam
845 2859 991 2926 acie
1008 2868 1037 2904 ⁹
1057 2885 1065 2892 ·
1082 2860 1405 2927 adversus
1444 2861 1714 2945 ignotos
1739 2859 1906 2924 inter
1935 2877 2010 2923 se
2065 2857 2474 2938 ignorantes-

270 2980 423 3046 qne.

1192 3061 1557 3086 moomO

271 3161 356 3212 Al.
389 3161 904 3216 aniame-⁴
938 3162 1025 3214 ΑΙ.
1064 3179 1157 3230 qao
1191 3166 1384 3216 illa—5
1416 3163 1435 3192 ‘
1459 3163 1796 3227 pugnantibus
1826 3159 1990 3212 Drak.
2027 3169 2304 3223 operarum
2346 3157 2477 3220 puto

273 3229 434 3290 vitio;
470 3229 601 3278 nibil
630 3230 767 3279 enim
796 3230 863 3280 de
885 3229 1061 3298 aliqua
1084 3231 1211 3281 Msa.
1236 3230 1496 3281 varietate
1518 3229 1737 3280 notavit.
1803 3228 1980 3279 Quare
2003 3223 2284 3288 repetitum
2307 3235 2337 3272 a
2363 3219 2476 3271 Cel.

271 3294 338 3342 Α.
362 3293 471 3344 Gn.
498 3293 741 3346 Ernestio
762 3295 971 3346 nollem.
1024 3296 1319 3358 pag-subitis
1338 3297 1389 3345 in
1412 3294 1647 3346 omnibus
1669 3307 1796 3372 quos
1814 3291 1920 3342 vidi
1944 3289 2113 3340 Edltls
2133 3293 2298 3338 estat.
2345 3286 2476 3336 Mox

273 3372 369 3424 pro
394 3359 735 3424 ignorantique
767 3360 823 3410 in
854 3361 1119 3427 plerisque
1150 3361 1285 3412 Edd.
1306 3360 1475 3412 notior
1503 3358 1672 3411 forma
1699 3360 2036 3422 quernaque
2069 3353 2252 3405 extat!
2286 3351 2478 3428 Sir-nst.

272 3429 375 3475 —6
405 3425 561 3476 vett.
600 3425 724 3476 libb.
750 3426 1251 3492 circumcunque—'1
1283 3426 1770 3479 Albanum—a
1805 3421 1924 3472 hun
1955 3419 2186 3471 laudastis
2205 3433 2280 3470 aie
2299 3419 2480 3468 maten

272 3490 493 3540 dmin
524 3489 665 3543 Edd.
692 3497 817 3542 ante
850 3492 1086 3544 Gronov.
1148 3493 1275 3544 Vet.
1294 3493 1383 3544 lib.
1406 3506 1491 3558 ap.
1518 3487 2017 3557 sigon-colluctantis
2037 3500 2104 3537 a.
2123 3488 2289 3536 *0—9
2321 3481 2478 3548 Conj.

275 3554 505 3622 Rupert-
520 3555 577 3606 in
594 3557 760 3608 atim

1276 3636 1493 3692 NOTAE

339 3743 369 3781 Ι
429 3735 629 3800 vigim·
666 3751 897 3788 mor-un
933 3736 1183 3803 militina]
1230 3737 1341 3790 Sub
1421 3737 1601 3802 ‘lones
1620 3739 1900 3801 acceperat
1920 3746 1949 3783 a
1973 3727 2285 3798 putoribus
2313 3725 2479 3778 Atilio

277 3813 582 3865 Hannibale
626 3814 744 3879 ipso
788 3815 994 3865 nonnisi
1026 3823 1150 3866 octo
1191 3816 1341 3867 annis
1420 3822 1479 3866 et
1498 3813 1716 3866 Manlio.
1799 3811 1984 3877 nsque
2005 3817 2060 3861 et
2081 3808 2185 3858 dux
2207 3802 2478 3866 militibus,

278 3889 642 3952 bellaverant3
695 3891 789 3941 sed
837 3893 1092 3958 reliqnnm
1140 3892 1341 3945 militie
1421 3899 1480 3944 et
1500 3891 1690 3942 milltes
1712 3887 1834 3940 duci
1857 3887 2021 3954 ignoti
2045 3885 2146 3937 dici
2169 3886 2429 3949 poteraut.

280 3973 491 4033 ternpus
520 3967 715 4032 partim
744 3967 799 4018 in
836 3967 1037 4033 Africa,
1074 3971 1340 4034 partimin
1484 3975 1507 4004 ¹·
1557 3969 1794 4020 Almus
1823 3964 1962 4032 prins
1998 3961 2206 4013 omium
2241 3955 2476 4020 uana}

283 4043 541 4112 Hispania
590 4053 811 4111 egerant
878 4047 975 4098 sub
1036 4047 1338 4100 Hamilcare
1418 4045 1743 4098 Adolescens
1771 4043 1942 4095 adbuc
1967 4035 2234 4092 Hannibal
2263 4031 2478 4085 Cartba-

284 4121 596 4174 Hannibalis
618 4131 789 4188 patre,
810 4131 901 4174 ant
922 4125 1021 4175 snb
1041 4124 1195 4190 hujus
1212 4125 1340 4178 levi·
1418 4125 1539 4190 gine
1562 4123 1617 4174 in
1653 4121 1958 4188 Hispaniam
1996 4117 2178 4168 missus
2205 4112 2399 4175 fuerat,
2419 4117 2482 4160 ut

284 4211 343 4250 ro
362 4199 716 4251 Hasdrubale.
1418 4201 1651 4253 militiam
1670 4199 1900 4250 disceret
1915 4203 2072 4261 atque
2089 4193 2364 4243 exerceret
2383 4185 2480 4237 sub

344 4286 373 4321 ιι
401 4277 579 4340 Ignoto
608 4276 765 4328 adhue
799 4277 908 4328 daei
942 4279 1051 4344 sus]
1087 4278 1341 4330 Veterani
1420 4277 1784 4332 Hasdrubale:
1819 4281 1880 4326 ut
1909 4271 2130 4324 militurn
2167 4264 2478 4318 benevolen-

282 4351 471 4403 -ilites
490 4351 713 4404 Romani
730 4353 828 4404 Cn.
842 4353 1133 4418 Scipione
1150 4355 1201 4404 in
1218 4355 1340 4406 His·
1421 4357 1547 4409 tiam
1582 4355 1850 4416 concillet,
1890 4349 2056 4404 videri
2095 4347 2208 4398 vult
2245 4343 2310 4395 ab
2351 4341 2482 4408 ipsis

284 4431 487 4490 naniam
504 4429 673 4480 secuti
694 4437 863 4494 erant,
880 4431 929 4481 ei
951 4429 1134 4482 traditi
1154 4447 1185 4482 a
1199 4431 1341 4484 Pub·
1420 4433 1676 4488 militibus
1697 4429 1962 4484 didicisse.

284 4505 357 4555 lio
376 4504 541 4558 fratre
564 4507 801 4566 consule,
820 4507 909 4574 qni
930 4521 1069 4559 nnnc
1086 4523 1243 4562 novas
1265 4511 1341 4561 le·
