3300 5225
739 68 916 135 2056
1677 80 1751 131 r.
1798 80 1987 131 mvn

741 228 1112 297 Marcellus
1137 246 1264 293 nec
1291 225 1544 293 factum
1583 225 2010 313 improbavit,
2040 232 2109 293 et
2147 226 2445 311 praedum
2476 224 2939 295 Hennensium

741 332 1070 399 militibus
1117 330 1472 407 concessit,
1521 334 1731 408 ratus,
1782 330 2017 395 timore
2064 330 2413 397 deterritos
2460 335 2942 415 temperaturos

744 432 1246 521 proditionibus
1292 430 1757 515 praesidiorum
1806 430 2101 498 Siculos.
2186 430 2413 517 Atque
2448 450 2533 497 ea
2568 432 2831 511 clades,
2872 443 2947 500 ut

744 538 933 605 urbis
961 536 1034 601 in
1063 534 1284 601 media
1313 532 1550 599 Sicilia
1578 532 1728 599 sitae
1760 533 2097 618 claraeqne
2126 534 2231 599 vel
2256 536 2345 600 ob
2376 534 2698 619 insignem
2729 538 2947 601 mnni-

743 649 972 707 mento
997 636 1285 703 naturali
1307 636 1562 714 locum,
1591 634 1701 701 vel
1728 636 1817 701 ob
1844 640 2117 701 sacrata
2142 636 2366 700 omnia
2388 636 2695 721 vestigiis
2726 648 2946 723 raptae

748 738 1551 829 qnondamProserpinae,
1575 755 1786 821 prope
1815 755 1948 801 uno
1966 735 2077 801 die
2098 756 2364 801 omnem
2379 737 2689 804 Siciliam
2704 759 2946 823 perva-

749 847 866 911 sit.
955 842 1044 909 Et
1072 842 1234 927 quia
1261 839 1452 907 caede
1479 839 1754 905 infanda
1780 839 2115 918 rebantur,
2146 858 2280 905 non
2298 838 2638 907 hominum
2661 848 2949 922 tantum,

749 946 870 1013 sed
889 945 1092 1011 etiam
1111 944 1419 1010 Deorum
1441 942 1677 1009 sedem
1695 942 2015 1007 violatam
2036 962 2212 1019 esse,
2236 950 2376 1007 tum
2400 962 2584 1021 vero,
2609 946 2727 1027 qni
2743 946 2953 1010 etiam

751 1056 906 1113 ante
935 1047 1121 1113 dubii
1149 1044 1438 1125 fuerant,
1467 1044 1765 1109 defecere
1810 1044 1900 1110 ad
1930 1043 2206 1111 Poenos.
2294 1044 2767 1128 Hippocrates
2797 1047 2953 1112 inde

753 1148 1228 1231 Murgantiam,
1261 1146 1560 1212 Himilco
1588 1145 2027 1231 Agrigentum
2054 1166 2207 1211 sese
2230 1148 2527 1231 recepit:
2560 1168 2717 1214 cnm
2748 1150 2955 1215 acciti

753 1273 800 1319 a
847 1251 1297 1337 proditoribus
1345 1248 1797 1333 nequicquam
1846 1248 1935 1315 ad
1970 1248 2287 1313 Hennam
2318 1249 2690 1315 exercitum
2722 1251 2957 1316 admo-

755 1356 1032 1423 vissent.
1124 1352 1485 1419 Marcellus
1515 1358 1687 1417 retro
1723 1352 1791 1417 in
1824 1351 2195 1417 Leontinos
2236 1350 2439 1433 redit3
2484 1352 2955 1440 frumentoque

755 1466 828 1525 et
856 1458 1340 1524 commeatibus
1371 1456 1525 1521 aliis
1572 1457 1646 1521 in
1688 1461 1915 1521 castra
1942 1456 2317 1532 convectiS,
2338 1456 2656 1539 praesidio
2686 1458 2959 1523 modico

757 1562 852 1627 ibi
879 1562 1138 1638 relicto,
1171 1558 1260 1625 ad
1289 1558 1666 1643 Syracusas
1696 1556 2107 1623 obsidendas
2138 1557 2337 1621 venit.
2401 1556 2571 1623 Inde
2593 1556 2734 1641 Ap.
2758 1559 2965 1625 Clau-

758 1664 874 1730 dio
915 1662 1206 1727 Romam
1238 1661 1326 1726 ad
1357 1660 1781 1727 consulatum
1820 1658 2183 1744 petendum
2224 1660 2459 1738 misso,
2488 1658 2572 1725 Τ.
2603 1659 2963 1740 Quintium

759 1764 1144 1850 Crispinum
1174 1762 1245 1827 in
1275 1762 1426 1847 ejus
1455 1761 1683 1827 locum
1712 1760 1921 1826 classi
1943 1761 2323 1845 castrisque
2346 1761 2631 1845 praeficit
2648 1771 2701 1811 ¹⁵
2726 1763 2963 1829 veteri·

759 1869 916 1933 bus.
1005 1865 1166 1950 Ipse
1197 1864 1648 1950 hybernacnla
1669 1864 1967 1948 quinque
1994 1864 2207 1930 millia
2236 1882 2563 1946 passuum
2588 1864 2961 1951 Hexapylo

759 1970 1054 2057 (Leonta
1075 1967 1128 2009 ¹⁶
1156 1976 1451 2034 vocant'·
1478 1965 1739 2053 locum)
1766 1967 2161 2033 communiit
2190 1966 2707 2052 aedificavitque.
2782 1968 2963 2035 Haec

760 2076 832 2141 in
862 2074 1102 2139 Sicilia
1129 2090 1340 2157 nsque
1365 2070 1453 2137 ad
1481 2070 1887 2157 principium
1914 2070 2173 2156 hyemis
2202 2076 2416 2153 gesta.

847 2176 960 2241 40.
1003 2174 1262 2241 Eadem
1291 2178 1523 2241 aestate
1551 2180 1620 2239 et
1649 2192 1803 2241 cnm
1834 2171 2159 2257 Philippo
2188 2191 2366 2256 rege,
2395 2172 2579 2257 qnod
2612 2172 2761 2258 ‚iam
2798 2182 2963 2239 ante

763 2284 1150 2363 suspectum
1200 2276 1444 2356 fuerat,
1487 2281 1745 2341 motum
1799 2275 2046 2340 bellum
2096 2280 2223 2340 est.
2313 2274 2547 2359 Legati
2584 2276 2672 2340 ab
2712 2275 2963 2341 Orico⁸

769 2378 852 2445 ad
909 2377 1010 2445 M.
1041 2378 1394 2471 Valerium
1443 2387 1805 2465 pastorem
1856 2383 2196 2457 venerunt,
2238 2377 2705 2471 praesidentem
2758 2379 2967 2445 classi

765 2481 1130 2548 Brundisio
1173 2480 1642 2568 Calabriaeque
1673 2481 1859 2547 circa
1884 2480 2247 2556 littoribus,
2280 2480 2675 2559 nuntiantes,
2705 2480 2965 2567 Philip-

765 2574 928 2672 pu'm
987 2586 1275 2672 primum
1330 2584 1773 2669 Apolloniam
1830 2587 2178 2661 tentasse,1
2232 2581 2477 2648 lembis
2522 2582 2897 2650 biremibus
2918 2588 2967 2635 ¹⁷

1688 2780 1898 2802 mene
1902 2779 2047 2802 '0050

809 2921 924 2968 utut
939 2933 955 2966 :
991 2917 1074 2967 11«
1099 2917 1240 2967 Em
1259 2917 1398 2974 mlo,
1431 2923 1484 2968 sl
1516 2917 1781 2968 mnodo
1799 2917 2024 2978 facinore
2042 2915 2265 2968 retentu-⁹
2294 2915 2471 2978 Sigon.
2537 2915 2647 2966 Pro
2666 2917 2793 2966 aulo
2814 2917 2974 2966 malc-

809 2992 865 3032 st
891 2981 950 3033 J.
973 2983 1034 3032 F.
1055 2982 1288 3032 Gronov.
1321 2983 1594 3033 nance-15
1629 2981 1866 3042 Prqfecit
1900 2982 2035 3032 Edd.
2076 2991 2200 3032 aute
2240 2983 2539 3031 Uruk—16
2570 2982 2587 3009 ⁸
2612 2981 2695 3030 lta
2718 2983 2824 3032 Ms.
2848 2982 2974 3034 Put.

771 3047 1024 3096 Μίαν·
1041 3047 1174 3096 Edd.
1197 3054 1319 3097 aute
1331 3047 1564 3098 Gronov.
1586 3061 1705 3112 qun
1728 3045 1857 3097 etub
1875 3054 2001 3097 unte
2013 3046 2271 3112 Hexapylo
2286 3048 2540 3097 inserunt.
2562 3046 2667 3095 Sed
2686 3049 2829 3098 hoca
2842 3049 2975 3097 Mu.

771 3111 941 3167 abest,
963 3118 1021 3161 et
1039 3126 1182 3175 sape
1203 3112 1460 3163 omittitur
1479 3130 1495 3173 ;
1530 3115 1614 3162 vel
1635 3112 1843 3163 dativus
1865 3111 2055 3163 Graece
2080 3115 2291 3175 ponitur
2312 3127 2409 3178 pro
2428 3111 2489 3162 ab
2510 3125 2626 3162 cum
2648 3118 2804 3164 sexto
2830 3127 2974 3164 cun.

771 3177 998 3228 boam
1018 3177 1222 3228 emend.
1245 3177 1456 3230 Cluver.
1473 3177 1618 3230 Sicu.
1637 3184 1749 3229 ant.
1770 3191 1812 3229 1.
1834 3176 1937 3228 120’
1970 3177 2176 3242 Rapa-t.

1772 3355 1986 3409 NOTAE

841 3493 866 3520 ⁸
899 3483 1082 3536 mnes
1121 3489 1314 3552 mant]
1369 3487 1500 3538 Leon
1541 3489 1687 3539 vicus
1731 3486 1836 3540 fuit
1914 3487 2062 3551 Epiri
2098 3487 2153 3537 in
2189 3501 2253 3537 ea
2292 3493 2445 3551 purte
2483 3501 2602 3553 qna
2634 3487 2873 3538 Chaonia
2895 3503 2982 3538 vo·

773 3575 876 3612 non
936 3564 1114 3626 procul
1149 3563 1432 3628 Syracusis,
1470 3562 1537 3614 ud
1584 3564 1837 3628 Tycham,
1916 3563 2149 3620 cabutur.
2178 3563 2275 3613 sub
2298 3563 2692 3614 Acrocerauniis
2714 3565 2983 3615 montibus

776 3653 955 3689 versus
993 3640 1451 3701 septemtrionemz
1487 3653 1589 3690 non
1611 3639 1837 3705 quinque
1918 3640 1985 3690 ad
2020 3655 2165 3690 mure
2196 3640 2431 3690 lonium:
2464 3639 2617 3690 bodie
2652 3639 2749 3690 snb
2786 3643 2983 3692 Tun-ca·

777 3714 1002 3764 millibus
1041 3728 1314 3776 paronnam
1345 3713 1438 3764 sed
1474 3729 1566 3764 sex
1597 3715 1679 3764 vel
1719 3729 1839 3778 sep·
1918 3731 2031 3767 rum
2056 3718 2267 3767 ditione.
2334 3717 2579 3768 Creditur
2600 3718 2645 3766 is
2668 3719 2815 3768 locus
2848 3733 2987 3784 esse,

779 3796 884 3839 tem
908 3790 1074 3840 stadia
1099 3791 1167 3840 ab
1189 3791 1424 3856 Epipolis
1441 3789 1669 3856 dissitus,
1692 3798 1752 3842 nt
1772 3805 1840 3842 ex
1920 3809 2071 3858 quem
2117 3794 2241 3844 Itali
2286 3795 2370 3845 Vol
2410 3795 2470 3844 dc
2517 3795 2643 3844 om
2686 3796 2984 3860 appellant,

776 3867 1078 3931 Thucydide
1101 3869 1372 3918 Cluverius
1396 3869 1597 3934 probat.
1919 3869 2035 3921 aliis
2060 3870 2205 3920 Ono.

847 3949 872 3974 ¹
905 3943 982 3993 Ab
1029 3945 1198 4008 Orico]
1253 3943 1391 3995 Urbs
1431 3955 1488 3996 et
1532 3953 1715 4011 portus
1760 3952 1842 3996 est
1985 3954 2007 3990 1
2041 3947 2341 4010 Apolloniam
2380 3946 2613 4012 tenum]
2646 3947 2983 4002 Macedonia
