3300 5225
707 1988 714 1995 ’
778 1996 862 2045 1⁴.
883 2002 936 2041 et
953 1991 1063 2041 nv.

771 490 944 561 1608
1740 502 1805 551 τ.
1860 500 2050 551 mvn

1095 656 1204 721 ret,
1231 666 1340 709 nec
1365 646 1675 731 opinantes
1714 645 2035 729 oppressit:
2079 644 2403 727 majorique
2448 652 2615 728 parte
2658 664 2859 708 eorum
2892 644 2999 728 qui

1094 746 1157 808 in
1182 747 1325 807 urbe
1350 746 1565 829 reperti
1590 744 1825 807 fuerant
1842 742 2171 817 interfecta,
2186 752 2413 805 ceteros
2428 742 2775 825 Drepanum
2790 764 2999 805 aman·

1094 843 1282 907 davit.

773 953 950 1020 Polyb.
1175 948 1278 1003 50.
1321 938 1423 1002 Ex
1447 960 1522 1002 eo
1545 946 1807 1021 tempore
1848 940 1999 1000 mira
2038 936 2225 999 facies
2256 958 2449 999 rerum
2474 946 2537 999 et
2575 936 2754 999 valde
2791 958 3001 1001 severa

1093 1037 1308 1101 militia
1333 1036 1463 1099 fuit.
1547 1033 1719 1099 Nam
1746 1035 2063 1099 Hamilcar
2104 1036 2255 1099 inter
2288 1034 2409 1097 duo
2439 1032 2711 1117 praesidia
2742 1034 3004 1095 bostium

1095 1134 1346 1208 medius,
1372 1134 1452 1197 ab
1477 1132 1748 1195 inferiore
1772 1132 2173 1205 obsidebatur,
2198 1152 2335 1194 cum
2366 1132 2492 1214 ipse
2530 1131 2787 1193 vicissim
2824 1152 3001 1213 supe-

1094 1232 1214 1295 rius
1237 1228 1572 1294 obsideret:
1613 1228 1995 1312 Romanique
2023 1230 2243 1311 pariter
2262 1229 2578 1311 Poeniqne,
2606 1228 2871 1289 toleratis
2908 1227 3001 1289 la-

1095 1330 1338 1393 boribus
1371 1336 1436 1389 et
1468 1326 1745 1410 periculis
1786 1326 2248 1399 incredibilibus,
2291 1346 2429 1387 cum
2469 1326 2531 1388 in
2576 1334 2747 1387 tanta
2778 1325 3005 1387 vicinia

1095 1435 1420 1489 castrorum
1445 1424 1614 1485 nulla
1639 1444 1757 1486 non
1781 1424 1912 1487 dies
1936 1424 2137 1498 modo,
2180 1423 2286 1486 sed
2330 1445 2403 1486 ne
2438 1424 2587 1486 bora
2627 1422 2869 1505 quidem
2894 1433 3005 1486 aut

1095 1523 1434 1587 discrimine
1457 1522 1670 1605 praelii,
1691 1530 1797 1583 aut
1820 1531 1981 1583 metu
1996 1530 2258 1596 vacaret,
2274 1521 2719 1584 fortissimorum
2738 1523 3003 1583 virorum

1097 1640 1280 1704 opera
1303 1640 1408 1702 per
1431 1620 1767 1702 proximum
1792 1618 1973 1681 ferme
2000 1620 2301 1681 biennium
2326 1619 2675 1681 ediderunt:
2716 1640 2839 1681 non
2864 1619 3003 1680 sesi

1098 1716 1495 1798 cedentesque
1534 1718 1812 1791 invicem,
1858 1738 2051 1799 neque
2094 1738 2203 1778 sua
2238 1725 2345 1778 aut
2386 1718 2657 1789 victoria,
2692 1725 2796 1777 aut
2825 1716 3003 1777 clade

1100 1813 1357 1886 diremti,
1383 1812 1490 1875 sed
1518 1813 1597 1874 ad
1617 1823 1942 1877 extremum
1968 1834 2138 1896 pares
2161 1814 2505 1895 invictique,
2538 1823 2601 1874 et
2626 1812 2826 1875 navali
2852 1814 3005 1874 inte-

809 1924 993 1978 Velld.
1015 1940 1057 1975 r.
1100 1913 1212 1973 rim
1235 1930 1438 1993 pugna
1460 1910 1697 1973 decreto
1722 1912 1903 1975 bello.
1986 1910 2213 1973 Iisdem
2244 1910 2583 1973 consulibus
2622 1909 3005 1972 Brundisium

777 2058 914 2122 EPR-
935 2072 1056 2107 ιη.
1097 2010 1162 2071 in
1203 2028 1346 2089 agro
1384 2007 1717 2071 Sallentino
1754 2008 1991 2071 colonia
2029 2008 2287 2071 deducta
2326 2018 2437 2082 est,
2477 2010 2825 2072 vicesimum
2868 2016 3007 2089 post

775 2124 986 2185 ’oanan
1103 2125 1342 2178 annum,
1370 2126 1551 2187 quam
1576 2106 1638 2167 in
1664 2105 2023 2167 deditionem
2049 2106 2317 2187 regiones
2340 2108 2469 2167 istae
2495 2114 2797 2169 venerant.
2866 2104 3007 2167 Sub

777 2188 956 2320 Ἤ.
974 2251 1036 2301 a
1103 2205 1264 2267 idem
1298 2210 1533 2285 tempus
1557 2202 1653 2265 Ti.
1683 2203 2083 2276 Coruncanio,
2122 2204 2226 2284 qui
2252 2204 2473 2285 primus
2494 2224 2573 2265 ex
2608 2202 2785 2286 plebe
2810 2202 3005 2285 ponti-

777 2334 954 2370 mnm
967 2322 1086 2369 51⁰.
1105 2300 1348 2363 ficauun
1373 2302 1697 2363 maximum
1722 2310 1999 2381 gesserat,
2025 2302 2085 2361 in
2110 2308 2379 2363 extrema
2396 2310 2633 2363 senecta
2650 2309 2903 2373 mortuo,
2932 2298 3003 2360 L.

777 2384 968 2501 guest·
986 2382 1083 2435 ⁰⁸·
1107 2398 1394 2463 Caecilius
1421 2397 1709 2461 Metellus
1729 2401 1791 2461 in
1816 2398 2013 2461 locum
2038 2399 2169 2477 ejus
2190 2398 2383 2461 factus
2406 2407 2515 2460 est.

869 2485 886 2504 ⁰
1188 2504 1290 2560 51.
1333 2498 1573 2559 Interea
1596 2495 1938 2558 consulatus
1963 2495 2181 2559 Romae
2226 2494 2303 2557 C.
2334 2494 2653 2557 Fundanio
2692 2494 2769 2555 C.
2814 2492 2887 2555 F.
2916 2493 3004 2562 Q.

1106 2602 1199 2666 N.
1230 2601 1530 2676 Fundulo,
1553 2601 1632 2664 C.
1660 2600 1931 2685 Sulpicio
1958 2602 2035 2664 C.
2066 2602 2137 2664 F.
2164 2603 2293 2666 Ser.
2317 2600 2410 2666 N.
2440 2602 2627 2664 Gallo
2652 2598 3007 2664 mandatur-⁶

1105 2700 1260 2764 Tum
1283 2721 1521 2784 quoque
1549 2702 1679 2782 pari
1702 2699 1897 2762 forma
1926 2709 1991 2762 et
2029 2699 2287 2774 formna,
2328 2710 2397 2763 ut
2432 2702 2739 2772 hactenus,
2780 2699 3005 2762 bellum

779 2819 950 2870 zum»,
1102 2819 1238 2860 cum
1267 2798 1622 2861 Hamilcare
1664 2805 1893 2878 gestum
1916 2807 2041 2860 est:
2084 2798 2195 2859 nisi
2229 2798 2390 2880 quod
2424 2799 2745 2860 Gallorum
2782 2817 3006 2859 merce·

779 2915 1085 2983 Polybaxa.
1103 2897 1272 2958 naria
1295 2915 1525 2967 manus,
1571 2893 1791 2975 aliique
1818 2894 2087 2956 nonnulli
2115 2896 2219 2977 qui
2244 2895 2451 2958 Poenis
2478 2896 2899 2967 militaverant,
2926 2895 3007 2954 ob

780 3015 1086 3082 Pouybdsn,
1105 2992 1403 3075 stipendia
1443 3012 1564 3054 non
1607 2990 1805 3053 soluta
1840 2992 2197 3074 injuriasque
2234 2992 2404 3066 alias,
2442 2992 2763 3074 Erycinam
2798 2993 3005 3052 urbem

1106 3088 1400 3152 Romanis
1431 3089 1632 3150 conati
1668 3087 1935 3171 prodere,
1962 3089 2073 3168 (ibi
2096 3091 2255 3150 enim
2291 3089 2621 3171 proesidium
2646 3090 3005 3170 agitabant,)

1106 3196 1419 3272 postquam
1437 3185 1745 3248 consilium
1762 3185 1986 3246 irritum
2004 3185 2137 3258 fuit,
2159 3185 2237 3248 ad
2254 3187 2523 3249 consules
2534 3187 3007 3267 transfugerunt:

783 3283 952 3334 2⁰²⁸*-
1107 3285 1398 3367 primique
1449 3291 1785 3344 exterorum
1826 3283 1907 3343 ab
1953 3281 2251 3346 Romanis
2282 3285 2343 3345 in
2382 3283 2794 3346 commilitium
2838 3284 3007 3346 asciti

1107 3389 1261 3442 sunt.
1345 3379 1452 3442 Sic
1476 3379 1669 3440 auctis
1697 3379 1945 3452 viribus,
1986 3389 2185 3443 tamen
2226 3381 2481 3464 pedestri
2522 3381 2787 3444 exercitu
2826 3380 3009 3442 finem

1107 3477 1269 3540 bello
1293 3477 1590 3558 imponere
1615 3497 1733 3538 non
1760 3486 2054 3558 poterant,
2074 3478 2389 3540 obsistente
2406 3479 2741 3562 cumprimis
2758 3478 3011 3540 Hamil·

1105 3575 1262 3638 caris
1285 3573 1558 3648 audacia,
1586 3575 1691 3655 qui
1726 3593 1917 3656 neque
1944 3573 2141 3657 decipi
2178 3575 2354 3649 dolis,
2404 3598 2595 3658 neque
2620 3576 2847 3639 domari
2874 3577 3013 3638 viri-

783 3681 1084 3753 Polybaaeo.
1107 3671 1220 3734 bus
1241 3671 1602 3754 patiebatur.
1687 3671 1851 3751 Ergo
1892 3671 2089 3733 denuo
2130 3673 2381 3734 reditum
2428 3683 2518 3735 est
2554 3673 2633 3735 ad
2672 3674 2875 3736 classis
2918 3675 3008 3735 in-

1106 3767 1444 3830 staurandoe
1467 3767 1739 3840 consilia,
1776 3769 2067 3851 marisque
2100 3771 2441 3852 repetendi:
2486 3781 2505 3809 ‘
2520 3791 2629 3832 nec
2653 3773 2811 3832 enim
2838 3771 3011 3833 aliter

1106 3886 1276 3948 posse
1322 3864 1841 3946 Carthaginienses
1880 3865 2177 3948 prohiberi
2221 3867 2452 3940 Sicilia,
2498 3889 2679 3950 quam
2726 3869 2779 3930 si
2831 3869 3011 3930 maris

1107 3984 1276 4026 usum
1313 3961 1699 4045 perdidissent
1721 3963 1759 4024 :’
1798 3983 2079 4046 spemque
2126 3985 2243 4028 non
2286 3965 2587 4047 vulgarem
2624 3967 2887 4028 fecerent
2917 3985 3011 4028 res

1107 4061 1502 4143 superioribus
1535 4060 1704 4120 annis
1732 4060 2091 4141 privatorum
2126 4081 2271 4122 ausu
2295 4063 2445 4124 bene
2470 4073 2669 4144 gestoe.
2753 4063 2875 4125 Sed
2904 4085 3009 4146 pe-

1107 4159 1284 4219 cunia
1308 4157 1536 4232 deerat,
1563 4158 1725 4218 inani
1748 4156 1973 4220 dudum
2012 4160 2241 4232 aerario,
2270 4169 2333 4220 et
2356 4169 2579 4224 sumtus
2602 4171 2725 4224 tam
2748 4159 3011 4224 diuturni

1107 4255 1252 4318 belli
1276 4257 1434 4320 male
1457 4255 1796 4320 sustinente.

1629 4412 1648 4447 ὓ
1680 4411 1747 4464 Δ.
1766 4411 1834 4464 U.
1860 4411 1923 4464 C.
1948 4416 2063 4464 6⁰9.
2100 4411 2165 4464 A.
2188 4413 2251 4466 C.
2272 4417 2389 4466 24⁸.
