3300 5225
1012 509 1157 558 ms.
1204 462 1439 562 xxru.
1486 513 1655 563 car.
1697 497 1806 564 19.
2319 503 2490 570 1921

304 672 436 718 nus
464 653 642 718 enim
666 659 737 718 et
757 651 981 720 vinum
1002 661 1073 722 et
1092 655 1313 742 epulae
1332 663 1401 724 et
1420 663 1645 724 scorta
1665 656 2070 745 balineaque
2091 667 2144 700 ¹²
2169 667 2232 729 et
2258 663 2490 738 otium,

303 755 771 822 consuetudine
798 756 869 822 in
894 756 1041 823 dies
1060 757 1401 838 blandius,
1420 760 1515 826 ita
1542 770 2020 827 enervaverunt
2039 783 2321 848 corpora
2347 768 2493 832 ani·

303 876 617 944 mosque,
662 868 735 925 ut
783 861 999 944 magis
1045 861 1282 927 deinde
1329 863 1686 948 praeterita>
1738 865 2036 931 victoriae
2087 887 2233 947 eos,
2287 889 2490 954 quam

303 969 685 1046 praesentes
728 966 1099 1029 tutarentur
1140 964 1353 1048 vires3
1396 965 1752 1052 majusque
1791 967 1862 1034 id
1901 975 2253 1054 peccatum
2297 971 2492 1038 ducis

306 1065 493 1150 apud
532 1067 785 1150 peritos
821 1066 1057 1133 artium
1087 1067 1467 1134 militarium
1497 1069 1870 1148 haberetur,
1901 1091 2099 1156 quam
2129 1073 2310 1159 quod
2353 1095 2490 1142 non

306 1191 395 1238 ex
443 1168 781 1236 Cannensi
818 1171 967 1236 acie
1004 1177 1321 1256 protenus
1364 1170 1451 1236 ad
1492 1173 1722 1239 urbem
1754 1169 2130 1240 Romanam
2160 1177 2490 1246 duxisset.

305 1274 443 1340 Illa
484 1277 661 1340 enim
688 1272 1031 1340 cunctatio
1062 1271 1409 1339 distulisse
1438 1275 1641 1342 modo
1671 1276 2020 1342 victoriam
2053 1278 2264 1345 videri
2296 1289 2496 1368 potu·

305 1382 361 1447 it
382 1401 403 1461 ς
432 1379 544 1446 hic
564 1399 739 1447 error
760 1378 937 1442 vires
960 1374 1289 1442 ademisse
1308 1376 1396 1440 ad
1414 1375 1834 1444 vincendum.
1889 1379 2158 1465 Itaque,
2177 1382 2494 1460 Hercule,

306 1487 501 1558 velut
544 1487 605 1551 si
646 1502 801 1550 cum
844 1481 981 1548 alio
1020 1479 1323 1546 exercitu
1365 1499 1412 1546 a
1453 1480 1697 1566 Capua
1733 1482 1972 1562 exiret,
2003 1485 2165 1551 nibil
2205 1505 2494 1573 usquam
2587 1557 2592 1562 ,

306 1588 615 1675 pristiuae
671 1585 1049 1668 disciplina>
1106 1583 1343 1649 tenuit.
1456 1583 1639 1650 Nam
1689 1591 1760 1650 et
1807 1585 2150 1656 redierunt
2193 1591 2492 1675 plerique

306 1691 545 1758 scortis
570 1687 923 1775 impliciti:
966 1692 1053 1764 et,
1081 1686 1197 1752 ubi
1226 1685 1511 1770 primum
1541 1687 1671 1751 sub
1701 1687 1988 1772 pellibus
2015 1690 2248 1758 baberi
2276 1695 2496 1780 coepti

308 1801 485 1873 sunt,
516 1794 765 1877 viaque
806 1796 875 1856 et
902 1789 1075 1856 alius
1102 1789 1409 1855 militaris
1436 1787 1627 1854 labor
1653 1791 1953 1876 excepit,
1980 1793 2262 1860 tironum
2289 1795 2496 1862 modo

308 1896 699 1981 corporibus
718 1893 1093 1976 animisque
1117 1889 1560 1958 deficiebant:
1602 1900 1672 1957 et
1691 1891 1932 1959 deiude
1953 1913 2076 1980 per
2097 1915 2290 1961 omne
2313 1899 2492 1964 aesti-

309 2019 547 2066 vorum
574 2004 839 2083 tempus
866 2015 1111 2078 magna
1138 2014 1300 2079 pars
1330 1994 1475 2059 sine
1516 1997 1998 2062 commeatibus
2029 1999 2116 2064 ab
2143 1999 2354 2084 signis
2397 2001 2496 2066 di-

308 2104 725 2170 labebantur:
770 2119 987 2186 neque
1016 2097 1173 2164 aliae
1200 2096 1505 2175 latebrae,
1526 2114 1728 2180 quam
1759 2099 2015 2185 Capua,
2040 2099 2496 2170 desertoribus

308 2210 515 2271 erant.

394 2311 504 2376 19.
548 2307 889 2387 Ceterum,
916 2306 1303 2372 mitescente
1336 2305 1483 2391 jam
1513 2307 1769 2392 hyeme,
1793 2307 2040 2374 educto
2069 2329 2154 2376 ex
2184 2311 2497 2396 hybernis

309 2413 601 2492 milite,¹³
622 2410 993 2477 Casilinum
1020 2408 1213 2474 redit.
1276 2407 1439 2488 Ubi,
1468 2429 1852 2495 quanquam
1881 2412 1968 2477 ab
1999 2414 2498 2498 oppugnatione

308 2524 647 2582 cessatum
678 2519 837 2590 erat,
868 2511 1135 2578 obsidio
1180 2519 1403 2578 tamen
1430 2513 1824 2579 continuata
1852 2499 2234 2597 oppidanos
2266 2519 2499 2600 proesi·

306 2620 629 2705 diumque
658 2616 746 2681 ad
776 2614 1085 2681 ultimum
1112 2614 1359 2698 inopiae
1388 2613 1783 2682 adduxerat.
1871 2617 2134 2684 Castris
2166 2619 2498 2689 Romanis

307 2722 417 2789 Ti.
446 2718 887 2803 Sempronius
916 2723 1222 2803 praeerat,
1252 2717 1581 2784 dictatore
1618 2720 2071 2805 auspiciorum
2111 2722 2500 2806 repetendo-

306 2844 451 2891 rum
506 2842 719 2889 causa
761 2821 1069 2905 profecto
1122 2820 1437 2887 Romam.
1524 2820 1950 2901 Marcellum,
1993 2832 2063 2889 et
2113 2824 2339 2909 ipsum
2379 2845 2496 2891 cu-

308 2928 613 3013 pientem
629 2924 796 2991 ferre
822 2924 1152 2989 auxilium
1174 2924 1496 3005 obsessis,
1516 2931 1587 2991 et
1604 2923 1970 2991 Vulturnus
1988 2928 2202 2993 amnis
2223 2928 2500 2996 inflatus

308 3030 539 3115 aquis,
589 3014 658 3093 et
695 3046 934 3113 preces
983 3024 1405 3093 Nolanorum
1451 3032 1649 3113 atque
1680 3027 2278 3109 Acerranorum,¹⁴¹
2313 3040 2500 3099 tene·

308 3133 495 3211 bant,
534 3129 921 3215 Campanos
960 3130 1354 3208 timentium,
1396 3130 1457 3196 si
1495 3130 1880 3216 praesidium
1925 3132 2303 3199 Romanum
2347 3137 2502 3201 abs·

310 3235 657 3303 cessisset.
758 3232 1127 3306 Gracchus,
1154 3233 1465 3300 assidens
1493 3240 1754 3301 tantum
1786 3232 2112 3315 Casilino,
2141 3237 2300 3321 quia
2329 3256 2502 3323 pras·

310 3337 560 3405 dictum
587 3341 731 3404 erat
756 3334 1186 3416 dictatoris‚¹⁵
1204 3355 1287 3401 ne
1315 3334 1479 3421 quid
1504 3337 1776 3403 absente
1802 3356 1888 3402 eo
1917 3337 2014 3403 rei
2043 3346 2322 3421 gereret,
2337 3338 2502 3405 nihil

1500 3518 1590 3539 000

310 3634 591 3685 eonvenit.’
626 3636 815 3699 Rapere
818 3638 961 3685 .-11
1012 3634 1075 3684 In
1109 3634 1245 3687 Edd
1287 3640 1411 3685 ante
1447 3632 1593 3687 Gron
1560 3648 1679 3687 nov.
1719 3636 2060 3687 dammone.
2059 3640 2190 3687 —12
2235 3635 2508 3701 Bau-eaque

307 3700 503 3751 notiori
524 3698 695 3751 forma
714 3700 849 3751 ΕΜ.
865 3714 969 3750 nou
972 3714 1041 3749 ιιιι
1008 3700 1118 3750 ιι.ΙΙί

380 3769 445 3817 18
478 3765 564 3818 ΑΙ.
600 3768 741 3816 aucto
712 3780 834 3817 oea:
868 3764 1095 3833 hybernis
1123 3762 1293 3814 milite.
1294 3767 1473 3815 —-u·
1491 3762 1640 3829 Conj.
1677 3762 1732 3816 J.
1765 3764 1825 3815 Ρ.
1865 3766 2098 3817 Gronov.
2139 3764 2504 3815 Avellanam.-

306 3832 502 3881 rectius
522 3830 896 3883 Abellam-un?
926 3831 1151 3895 Rupert.
1152 3832 1281 3881 -15
1315 3828 1473 3879 Mam
1494 3778 1710 3894 Doujat.
1741 3828 1948 3881 edietum
1964 3831 2234 3893 dietam,
2270 3835 2360 3879 aut
2375 3842 2504 3893 pra-

1302 3975 1353 4029 N
1359 3974 1517 4027 01·AE

379 4076 395 4113 ί
420 4077 581 4142 Atque
601 4074 972 4139 Acerranorum]
1006 4073 1207 4141 Objicit
1230 4074 1367 4126 Gro-
1443 4088 1569 4138 ι-ιιιιι,
1590 4072 1730 4138 quod
1752 4072 1878 4125 satis
1906 4072 2207 4139 probabile3
2241 4070 2343 4123 fuit
2364 4071 2504 4123 enim

308 4153 517 4216 novius,
542 4152 833 4203 Acerranos
854 4160 978 4203 tunc
994 4153 1162 4203 nuno·
1184 4146 1369 4215 fuisse,
1446 4150 1633 4208 Abella.
1670 4166 1761 4201 seu
1783 4149 1972 4213 Asello,
2015 4150 2308 4216 campania
2354 4150 2503 4214 oppi-

309 4229 524 4281 Acerris
555 4230 669 4294 jam
712 4228 959 4289 incensis,
999 4241 1159 4292 supra
1200 4242 1249 4276 c·
1288 4230 1369 4277 17.
1448 4226 1589 4282 dum,
1616 4227 1770 4279 Nola
1793 4227 1958 4281 adbuc
1987 4227 2202 4297 propior
2223 4242 2375 4293 quam
2398 4227 2505 4279 sint

310 4306 597 4369 respondet
619 4311 813 4369 tamen,
836 4304 972 4355 forte
994 4304 1268 4354 restitutos
1287 4301 1368 4353 fn·
1448 4302 1679 4357 Acerra·-

308 4382 411 4435 iue
424 4398 445 4447 3
478 4389 571 4435 aut
612 4390 760 4435 certe
802 4380 1079 4448 legendnm
1114 4380 1369 4432 Δοεαωιιο·
