3300 5225
761 404 939 473 1836
1702 424 1772 473 τ.
1809 424 2008 479 ‘mvn

758 565 939 631 omni
983 572 1275 651 tempore
1311 584 1395 632 ac
1438 565 1593 633 loco
1626 566 1944 633 munifice
1972 565 2340 652 adjuvisse.
2426 564 2535 645 Id,
2564 564 2841 651 perinde
2871 584 2956 631 ac

759 667 1053 748 deberet,
1082 676 1387 751 gratum⁹
1416 669 1678 755 populo
1716 669 2030 736 Romano
2071 688 2243 735 esse.
2329 666 2590 734 Aurum
2619 676 2690 732 et
2718 688 2761 733 a
2789 667 2957 733 civi-

756 770 1013 837 tatibus
1042 771 1446 857 quibusdam
1478 772 1778 853 allatum,
1825 772 2043 855 gratia
2091 771 2196 836 rei
2240 776 2572 855 accepta,·
2599 790 2728 835 non
2759 790 2956 836 acce-

754 874 944 957 pisse
974 874 1297 958 populum
1324 872 1733 941 Romanum.
1779 918 1786 925 ·
1820 874 2196 941 Victoriam
2239 893 2573 959 omenque
2601 873 2954 957 accipere3

756 974 1115 1061 sedemque
1163 977 1228 1042 ei
1279 996 1355 1041 se
1404 976 1606 1043 Divae
1656 975 1843 1055 dare,
1893 976 2118 1042 dicare
2165 974 2603 1061 Capitolium,
2631 975 2958 1059 templum

752 1076 801 1141 J
806 1078 955 1143 ovis
980 1078 1245 1162 Optimi
1276 1078 1589 1145 Maximi.
1677 1079 1762 1145 In
1805 1100 1890 1147 ea
1931 1098 2086 1145 arce
2126 1078 2310 1145 urbis
2353 1074 2688 1144 Romanae
2719 1096 2956 1143 sacra-

752 1186 917 1257 tam,
947 1180 1277 1247 volentem
1306 1181 1820 1266 propitiumque,
1866 1182 2130 1247 firmam
2173 1200 2256 1247 ac
2293 1180 2604 1247 stabilem
2643 1181 2783 1245 sore
2829 1200 2956 1265 po·-

748 1281 914 1368 pulo
972 1280 1325 1348 Romano!
1440 1282 1842 1349 Funditores
1899 1284 2368 1368 sagittariique
2426 1288 2498 1349 et
2551 1282 2952 1347 frumentum

748 1384 1067 1450 traditum
1124 1383 1543 1451 consulibus.
1631 1381 2172 1470 Quinqueremes
2232 1385 2319 1451 ad
2375 1386 2648 1450 navium
2669 1392 2723 1424 ¹⁰
2771 1385 2952 1449 clas·

750 1504 912 1565 sem,
969 1506 1126 1571 quae
1186 1508 1339 1553 cum
1396 1487 1483 1553 T.
1538 1486 1836 1553 Otacilio
1887 1493 2300 1572 propraetore
2348 1487 2418 1551 in
2465 1486 2702 1551 Sicilia
2745 1492 2952 1564 erant,

748 1588 1043 1671 quinque
1069 1594 1139 1653 et
1168 1588 1403 1672 viginti
1454 1587 1730 1666 additae,
1783 1588 2320 1673 permissumque
2368 1592 2494 1667 est,
2538 1594 2639 1667 ut,
2686 1588 2750 1653 si
2793 1608 2832 1654 e
2875 1609 2946 1655 re

747 1688 1030 1773 publica
1058 1695 1352 1755 censeret
1380 1710 1555 1771 esse,
1584 1690 1656 1754 in
1684 1689 1990 1757 Africam
2019 1690 2385 1775 trajiceret.

831 1795 943 1861 38.
986 1793 1271 1861 Delectu
1303 1796 1633 1881 perfecto,
1663 1796 1983 1862 consules
2024 1816 2281 1879 paucos
2323 1796 2562 1861 morati
2591 1794 2758 1873 dies,
2787 1794 2946 1861 dum

746 1898 917 1961 socii
944 1900 1033 1964 ab
1062 1900 1326 1964 nomine
1357 1900 1603 1965 Latino
1639 1898 1960 1965 venirent.
2053 1898 2314 1963 Milites
2343 1904 2530 1976 tunc,
2563 1898 2744 1983 quod
2777 1917 2943 1961 nun·

742 2016 952 2082 quam
982 2007 1186 2066 antea
1213 2000 1462 2065 sactum
1492 2007 1662 2079 erat,
1696 2002 1853 2087 jure
1886 1998 2179 2085 jurando
2225 2000 2316 2064 ab
2345 1998 2631 2063 tribunis
2659 1999 2944 2063 militum

742 2099 1001 2179 adacti,
1038 2101 1239 2185 jussu
1271 2103 1619 2168 consulum
1653 2109 2128 2181 conventuros„
2174 2121 2386 2187 neque
2427 2102 2690 2185 injussu
2723 2103 2944 2167 abitu·-

744 2221 883 2268 ros.
952 2202 1135 2268 Nam
1167 2204 1252 2269 ad
1280 2224 1425 2269 eam
1454 2206 1632 2269 diem
1661 2205 1828 2269 nihil
1855 2212 2095 2289 praeter
2121 2210 2608 2270 sacramentum
2639 2203 2858 2268 suerat
2877 2224 2896 2283 ;
2915 2210 2944 2239 “

744 2310 835 2384 et,
867 2304 983 2369 ubi
1010 2303 1097 2370 ad
1127 2304 1540 2372 decuriatum
1560 2314 1607 2345 ¹¹
1640 2314 1762 2373 aut
1791 2306 2229 2373 centuriatum
2267 2306 2796 2385 convenissent!
2815 2322 2945 2373 sua

806 2500 827 2527 θ
859 2495 1096 2561 Populum
1118 2496 1382 2551 Romanum
1404 2516 1572 2550 aarum
1600 2516 1696 2551 non
1714 2498 1945 2562 recepisse
1963 2516 1997 2549 a
2023 2468 2355 2566 Neapolitanis
2379 2506 2429 2551 et
2459 2502 2705 2551 Paestanis
2725 2501 2942 2561 missum,

744 2566 1029 2674 33⁸2ng
1052 2570 1290 2628 acceptum
1302 2566 1543 2618 habuisset
1569 2580 1731 2617 eorum
1751 2564 1974 2632 officim,
1995 2572 2136 2631 utque
2163 2566 2221 2618 ob
2242 2582 2345 2617 enm
2365 2582 2465 2618 rm
2484 2567 2605 2631 ipsis
2620 2568 2834 2629 gratiam
2857 2566 2942 2615 lm·

795 2685 835 2731 f
857 2691 1122 2758 Postquam
1135 2699 1535 2761 monument
1550 2696 1732 2761 equites
1745 2696 1798 2746 in
1815 2697 2047 2754 decurias,
2067 2697 2249 2762 pedites
2261 2697 2315 2747 in
2332 2697 2574 2746 centurius
2593 2695 2946 2758 redigerentur«

741 2902 1043 2967 Κυμὼ-8
1076 2910 1092 2935 ·
1115 2905 1203 2957 cf.
1225 2906 1319 2957 Sil.
1342 2921 1468 2959 vm.
1490 2911 1607 2960 61³.
1628 2923 1697 2960 ex
1731 2924 1834 2975 quo
1868 2909 2124 2960 suadente
2157 2905 2361 2958 Rubeu.
2395 2906 2566 2956 Eleet.
2589 2918 2653 2956 rr.
2675 2907 2754 2955 15.
2779 2905 2942 2972 conji-

738 2982 863 3018 cere
885 2971 1051 3033 possis
1073 2976 1149 3021 ter
1167 2973 1295 3022 mille
1316 2975 1396 3022 vel
1420 2974 1593 3038 potius
1617 2974 1715 3025 triu
1735 2975 2014 3038 ”rimamini
2037 2973 2193 3024 Silius
2216 2973 2427 3023 licentis
2445 2971 2653 3036 poiitica
2669 2984 2943 3021 numerum

739 3033 945 3083 auxisse
983 3038 1187 3086 censeri
1226 3037 1417 3087 debet-⁹
1459 3039 1722 3089 Duria—⁹
1756 3039 1839 3089 Al.
1869 3045 2167 3104 pergratum.
2230 3038 2356 3089 Pnt.
2388 3037 2498 3102 alii,
2528 3036 2711 3087 deberet
2741 3042 2944 3098 man

738 3102 988 3148 essa—10
1022 3101 1247 3151 Navium
1271 3117 1537 3152 numerum
1562 3101 1820 3153 excidisse
1836 3112 1988 3168 putat
2009 3103 2062 3155 J.
2087 3104 2146 3153 F.
2170 3101 2335 3153 Gron.

808 3167 867 3212 11
905 3162 923 3190 ‘
944 3161 1027 3212 Ad
1050 3165 1099 3212 h.
1117 3166 1153 3215 Ι.
1173 3167 1328 3216 haesit
1352 3167 1495 3232 Lips.
1520 3169 1635 3218 Mil.
1661 3169 1808 3217 Rom.
1833 3183 1868 3218 r.
1889 3173 1939 3219 6.
1993 3169 2074 3218 Ex
2099 3167 2360 3216 sententis
2379 3165 2572 3217 Schelii
2595 3165 2648 3215 iu
2673 3165 2796 3215 diss.
2814 3172 2940 3231 post

739 3225 938 3290 Hygi-n.
960 3227 1197 3281 Grornst.
1224 3245 1272 3282 c.
1292 3235 1339 3280 1.
1364 3232 1505 3294 olim,
1532 3247 1649 3282 cum
1684 3234 1878 3282 milites
1912 3231 2380 3292 conscriberentur,
2411 3236 2734 3281 sacramento
2770 3232 2944 3295 rogati

736 3290 1005 3354 dicebant,
1027 3309 1081 3342 se
1104 3295 1254 3358 jussu
1288 3298 1552 3346 consulum
1583 3307 1936 3349 conventuros
1964 3307 2069 3348 cet.
2137 3297 2266 3347 Cum
2291 3303 2475 3360 postes
2497 3297 2856 3358 convenirent,
2879 3303 2940 3347 ut

736 3354 1131 3408 decuriarentnr
1164 3368 1255 3410 sut
1283 3362 1717 3419 centurisrentur,
1741 3371 1929 3426 sponte
1960 3363 2097 3412 inter
2119 3376 2174 3411 se
2199 3360 2560 3426 conjurabant,
2579 3375 2693 3409 sese
2715 3359 2856 3424 fngoe
2881 3369 2940 3412 et

738 3416 1031 3473 formidinis
1051 3438 1176 3487 ergo
1200 3438 1299 3474 non
1322 3426 1549 3477 abituros
1570 3434 1674 3477 cet.
1728 3427 1789 3477 In
1814 3435 2036 3491 utraque
2061 3433 2232 3478 sutem
2257 3441 2312 3475 re
2332 3427 2668 3476 mutationem
2693 3425 2787 3474 lioc
2807 3433 2937 3475 tem·

735 3497 865 3547 pore
898 3485 1087 3537 factam
1122 3490 1419 3551 existimst3
1453 3499 1611 3556 atque
1644 3506 1746 3541 non
1771 3499 1970 3542 tsntnm
1995 3492 2153 3557 priori
2176 3498 2518 3548 sacramento,
2542 3489 2633 3538 sed
2659 3491 2938 3553 posteriori

735 3551 893 3599 etium
918 3553 1258 3616 conjurationi
1282 3561 1583 3619 spontanee
1593 3557 1682 3620 jus
1693 3557 1997 3622 jurandum,
2015 3561 2064 3606 in
2089 3556 2229 3622 quod
2253 3557 2479 3615 legitime
2503 3555 2696 3606 milites
2715 3570 2746 3604 a
2771 3555 2936 3605 tribu-

734 3615 817 3664 nis
841 3617 1061 3667 militum
1082 3619 1445 3681 adigebantur,
1467 3621 1800 3673 substitutum
1823 3637 1954 3673 esse.
2009 3622 2074 3671 Id
2094 3623 2136 3671 si
2157 3622 2354 3686 placet,
2369 3621 2491 3672 huie
2508 3621 2764 3684 pericopa·
2783 3635 2938 3684 prox·

734 3679 837 3730 ima
863 3680 1158 3746 ver-bamam
1180 3685 1243 3734 ad
1258 3699 1365 3735 eam
1380 3686 1505 3736 diem
1526 3687 1599 3736 ni!
1612 3693 1794 3752 preter
1812 3693 2158 3739 momentum
2167 3685 2362 3753 suerat,
2381 3684 2732 3752 adJuugenda‚
2753 3693 2812 3736 et
2827 3700 2936 3737 ms·

1726 3817 1940 3870 NOTAE

796 3916 823 3944 ¹
856 3909 1001 3960 Nihil
1024 3917 1203 3975 proeter
1222 3919 1567 3966 sacramentum
1590 3915 1788 3984 ficeret]
1871 3917 2012 3968 inter
2032 3931 2090 3968 se
2112 3917 2308 3968 milites
2332 3915 2482 3967 simul
2496 3915 2770 3979 jurabant,
2791 3913 2934 3980 quod

730 3984 921 4038 Differt
958 3996 1303 4042 sacramentum
1336 4007 1367 4042 a
1400 3993 1790 4057 conjuratione3
1871 4002 2028 4045 antea
2064 3992 2430 4061 voluntarium,
2465 4008 2606 4044 nunc
2646 4008 2675 4042 e
2711 3992 2934 4044 tribunis

732 4065 871 4132 qnod
914 4073 1260 4125 sacramentum
1301 4067 1391 4132 sit,
1438 4083 1555 4119 cum
1600 4069 1790 4134 singuli
1872 4071 2128 4135 legionum
2151 4070 2448 4122 institutum
2470 4085 2532 4120 se
2555 4069 2824 4120 redactum
2849 4075 2934 4120 est

719 4143 1063 4208 jurejurando
1086 4143 1384 4208 adiguntur,
1414 4145 1525 4194 sine
1546 4159 1649 4212 quo
1683 4145 1787 4195 Ro·
1873 4147 1939 4197 sd
1966 4147 2353 4197 necessitatem.
2425 4144 2562 4196 Vide
2587 4143 2656 4195 A.
2682 4144 2819 4194 Geli.
2837 4143 2928 4196 lib.

728 4219 895 4269 menis
915 4233 1019 4270 non
1053 4219 1244 4270 licebat
1280 4234 1511 4284 pugnare
1531 4235 1647 4271 cum
1670 4222 1788 4271 hos·
1869 4236 1984 4274 xvr.
2007 4229 2061 4272 et
2095 4223 2278 4287 Sigon.
2306 4223 2400 4273 lib.
2423 4235 2462 4274 1.
2499 4221 2567 4273 de
2589 4219 2720 4273 Jure
2743 4219 2929 4288 Anth.

552 4367 561 4374 .
664 4359 680 4378 ⁴
732 4295 895 4348 tibus:
921 4295 1184 4358 codar-atio
1208 4310 1333 4348 vero
1366 4303 1500 4364 eret,
1536 4312 1654 4369 cuju
1685 4297 1787 4364 ipsi
1867 4297 2057 4350 civium
2083 4299 2233 4350 Rom.
2255 4313 2304 4350 c.
2328 4303 2408 4349 15.
