3300 5225
723 423 898 490 2070
1680 431 1755 480 ·r.
1800 431 1993 481 mvn

723 583 842 668 qni
888 587 1133 657 essent,
1195 577 1532 656 dixerunt,
1585 577 1887 661 colloqui
1946 595 2105 642 sese
2162 596 2315 643 cum
2370 584 2667 660 praetore
2719 579 2919 646 velle.

721 686 846 752 Cn.
868 685 1147 750 Fulvius
1175 683 1420 748 castris
1449 689 1771 766 praeerat:
1802 683 1914 747 cui
1944 682 2061 746 nbi
2078 689 2099 720 ¹
2121 682 2499 746 nuntiatum
2532 691 2659 763 est,
2686 682 2927 748 decem

721 809 810 855 ex
841 809 924 854 eo
953 805 1228 852 numero
1245 785 1462 869 jussis
1491 784 1857 850 inermibus
1886 784 2127 849 deduci
2162 785 2250 848 ad
2282 804 2384 862 se,
2416 786 2553 865 ubi,
2573 805 2732 871 quae
2759 805 2927 870 pos-

719 891 1026 968 tularent,
1055 889 1340 961 audivit,
1369 885 1563 965 (nihil
1591 893 1813 950 autem
1846 886 2031 951 aliud
2062 888 2407 968 petebant,
2435 907 2640 970 quam
2670 895 2769 965 ut,
2788 887 2927 952 Ca-

721 1014 864 1078 pua
891 998 1188 1074 recepta,
1215 992 1392 1056 bona
1448 989 1582 1055 sibi
1627 987 2165 1072 restituerentur)
2190 991 2259 1053 in
2302 989 2505 1054 fidem
2548 1009 2779 1054 omnes
2810 1011 2927 1056 ac-

719 1095 919 1179 cepti.
1007 1095 1097 1159 Et
1124 1095 1212 1158 ab
1244 1093 1458 1157 altero
1487 1099 1775 1176 praetore
1804 1091 2197 1176 Sempronio
2218 1092 2561 1157 Tuditano
2590 1092 2923 1176 oppidum

718 1197 1043 1263 Aternum
1061 1204 1088 1233 ²
1113 1192 1135 1232 f
1157 1201 1634 1278 expugnatum.
1723 1193 2036 1280 Amplius
2066 1199 2318 1279 septem
2340 1195 2557 1260 millia
2574 1195 2923 1261 hominum

719 1309 939 1385 capta,
969 1309 1042 1363 et
1071 1299 1224 1363 aeris
1263 1299 1655 1381 argentique
1700 1297 1951 1380 signati
1994 1297 2428 1382 aliquantum.
2516 1296 2759 1362 Romae
2792 1299 2921 1364 foe-

718 1405 872 1470 dum
905 1403 1280 1469 incendium
1307 1421 1425 1486 per
1454 1401 1626 1466 duas
1651 1407 1887 1466 noctes
1917 1421 2001 1464 ac
2031 1399 2207 1464 diem
2230 1420 2437 1464 unum
2464 1401 2721 1466 tenuit:
2766 1403 2917 1467 solo

719 1515 991 1591 aequata
1021 1505 1240 1570 omnia
1272 1505 1444 1568 inter
1473 1503 1747 1568 Salinas
1768 1511 1795 1550 ⁸
1824 1521 1907 1568 ac
1938 1509 2203 1588 portam
2226 1503 2738 1580 Carmentalem,
2760 1523 2920 1568 cum

719 1607 1154 1693 AEquimaelio
1203 1605 1614 1691 lugarioque
1635 1603 1663 1644 ¹¹
1712 1607 1888 1671 vico.
1998 1606 2081 1670 In
2134 1607 2405 1690 templis
2460 1605 2777 1671 Fortunae
2830 1625 2915 1672 ac

720 1714 968 1778 Matris
999 1711 1285 1777 Matutae
1327 1716 1399 1775 et
1441 1710 1610 1794 Spei
1636 1717 1659 1757 ³
1690 1715 1879 1775 extra
1912 1707 2215 1794 portam*
2257 1710 2395 1774 late
2427 1715 2704 1793 vagatus
2732 1711 2905 1795 ignis

717 1835 914 1881 sacra
946 1813 1356 1898 profanaque
1384 1812 1596 1876 multa
1625 1813 1975 1877 absumsit.

799 1917 912 1982 48.
959 1915 1212 1981 Eodem
1263 1932 1439 1979 anno
1488 1913 1570 1977 P.
1623 1919 1691 1978 et
1734 1912 1857 1978 Cn.
1889 1912 2209 1991 Cornelii,
2250 1933 2405 1979 cum
2448 1914 2521 1978 in
2572 1913 2917 1998 Hispania

715 2039 822 2084 res
861 2037 1202 2103 prosperae
1247 2021 1494 2094 essent,
1531 2015 1915 2100 multosque
1964 2022 2033 2081 et
2079 2027 2337 2082 veteres
2388 2019 2761 2100 reciperent
2802 2037 2911 2082 so-

714 2123 878 2204 cioS,
907 2128 976 2187 et
1003 2139 1219 2186 novos
1249 2119 1634 2206 adjicerent,
1666 2119 1735 2182 in
1776 2117 2078 2184 Africam
2124 2137 2395 2204 quoqne
2444 2139 2631 2203 spem
2676 2127 2915 2186 exten-

714 2225 970 2291 derunt.
1058 2223 1338 2309 Syphax
1391 2225 1535 2286 erat
1580 2241 1701 2286 rex
1744 2217 2241 2299 Numidarum,¹‘
2290 2221 2515 2286 subito
2566 2221 2911 2305 Carthagi-

714 2326 1065 2392 niensibus
1108 2324 1330 2390 hostis
1376 2324 1636 2389 factus:
1684 2322 1769 2388 ad
1822 2343 1973 2388 enm
2017 2325 2436 2390 centuriones
2476 2329 2609 2390 tres
2654 2325 2911 2411 legatos

1631 2506 1991 2529 OOOOOOOOOO

714 2632 778 2678 20
816 2628 1070 2677 Consulum
1093 2625 1226 2677 Edd.
1249 2631 1370 2676 ante
1388 2625 1504 2677 Jac.
1523 2624 1851 2675 Gronov—¹
1887 2622 1905 2651 ‘
1930 2624 2086 2673 Forte
2116 2623 2221 2686 leg.
2242 2630 2297 2673 ut
2322 2638 2413 2687 pro
2434 2623 2534 2690 nbi,
2554 2623 2691 2689 quod
2716 2624 2796 2674 bis
2818 2640 2913 2690 po·

710 2695 865 2742 situm
889 2692 1024 2741 haud
1065 2693 1272 2755 placet.’
1309 2692 1605 2755 &pern—2
1639 2690 1785 2754 Conj.
1818 2689 2027 2739 Cluver.
2066 2690 2370 2738 czatemma:
2404 2690 2625 2755 Rupert.
2664 2690 2911 2751 Tifernum

715 2760 795 2809 vel
822 2758 1209 2808 Ravennam—8
1241 2756 1367 2807 Put.
1393 2764 1614 2821 uterque
1637 2754 1761 2805 Pet.
1777 2754 1929 2803 Voss.
1955 2753 2165 2805 abolent
2184 2752 2245 2803 τὸ
2266 2754 2399 2818 Spei.

1708 2916 1925 2971 NOTAE

775 3020 1067 3086 'Ater-mm]
1089 3020 1153 3071 In
1170 3020 1482 3071 Marrucinis
1492 3018 1594 3070 fuit
1613 3016 1768 3069 Ater-

710 3114 830 3150 num
853 3100 1124 3165 oppidum,
1145 3114 1174 3148 a
1196 3097 1425 3162 flumine,
1446 3099 1592 3162 cujus
1615 3095 1766 3147 ostiis

1848 3028 1945 3093 syli
1968 3034 2023 3080 et
2042 3029 2334 3094 Masaesyli
2356 3042 2423 3078 ex
2447 3027 2725 3080 Strabone.
2792 3028 2907 3079 Ho-

1847 3120 1957 3155 rum
1972 3106 2304 3171 rexsyphax,
2320 3106 2519 3155 illorum
2536 3106 2829 3165 Masinissa,
2845 3112 2909 3155 ut

711 3178 963 3239 imminet,
987 3176 1063 3226 sic
1085 3177 1298 3226 dictum.
1365 3176 1646 3225 Commune
1670 3172 1767 3222 fuit

709 3268 886 3305 eorum
945 3256 1378 3319 Vestinornmque
1434 3254 1721 3316 emporium
1744 3266 1763 3311 ς

708 3332 862 3389 bodie
883 3332 1108 3393 Peaeum,
1129 3333 1180 3381 iu
1206 3330 1426 3395 Aprutio
1449 3329 1711 3380 Citeriori.

774 3416 800 3452 t
833 3406 970 3457 Inter
991 3406 1203 3472 Salinas]
1239 3408 1301 3457 Id
1335 3416 1436 3470 est,
1466 3422 1497 3456 a
1517 3405 1764 3471 Capitoli·

709 3484 762 3532 ni
785 3482 897 3533 fere
932 3484 1122 3533 montis
1159 3483 1432 3541 radicibus,
1455 3485 1518 3534 ad
1539 3485 1765 3534 Tiberim

706 3556 936 3619 fluvium.
998 3559 1188 3611 Salinae
1227 3560 1538 3611 dicebantur
1585 3561 1765 3611 Romae

707 3635 851 3685 locus
875 3637 960 3687 ubi
983 3637 1060 3687 sal
1078 3638 1280 3699 venale,
1297 3637 1432 3687 inter
1446 3637 1764 3688 Aventinum

709 3728 770 3763 ac
791 3714 1040 3765 Tiberim.

773 3786 798 3822 1¹
834 3791 1158 3857 ‚Iugur-ioque]
1192 3790 1438 3854 Jugarins
1469 3792 1630 3856 vicus,
1662 3808 1765 3859 quo

709 3865 776 3915 ab
795 3865 1100 3931 AEquimelio
1125 3868 1190 3917 ad
1213 3868 1444 3919 Tiberim
1465 3869 1657 3929 ibatur,
1675 3884 1765 3920 no-

707 3956 824 3991 men
849 3944 1055 4007 accepit
1077 3959 1106 3994 a
1130 3946 1319 4009 templo
1348 3946 1587 4006 Junonis,
1608 3947 1763 4013 Jngm

707 4021 1033 4084 cognomine,
1055 4020 1106 4070 id
1131 4028 1228 4078 est,
1252 4021 1473 4087 Jugalis.

787 4094 984 4147 ‘Extra
1023 4100 1232 4164 portum]
1264 4098 1663 4166 Carmentalem,
1695 4099 1762 4152 de

709 4188 810 4239 qua
831 4188 1001 4236 supra.

777 4250 802 4285 ¹¹
852 4253 960 4302 Rex
993 4252 1334 4317 Numidarum]
1371 4253 1556 4304 Plures
1611 4253 1759 4305 fuere

709 4326 1050 4378 Numidarum
1067 4329 1271 4393 populi:
1287 4328 1609 4383 celeberrimi
1623 4330 1763 4380 Mas·

1846 3182 2035 3245 probat
2074 3182 2310 3247 Sigonius
2355 3196 2421 3231 ex
2462 3181 2724 3231 veteribus
2757 3181 2905 3230 libris

1850 3258 2093 3319 Limenia,
2117 3266 2173 3308 et
2196 3258 2571 3322 Epitomarum.
2610 3258 2741 3306 Tota
2762 3257 2905 3318 regio

1845 3334 1981 3384 inter
1999 3333 2229 3385 Africam
2246 3335 2456 3399 proprie
2472 3334 2661 3383 dictam
2680 3340 2734 3383 et
2754 3333 2805 3381 M
2814 3348 2905 3383 au-

1846 3413 2082 3461 ritaniam
2107 3413 2209 3463 sita
2228 3412 2359 3474 fuit5
2394 3422 2450 3462 et
2482 3412 2904 3475 Masaesylorum

1848 3489 2106 3550 regionem
2154 3503 2184 3537 a
2219 3488 2534 3538 Mauritania
2567 3484 2902 3537 interfluente

1845 3564 2140 3615 Molochath
2174 3562 2384 3615 flumine
2420 3564 2583 3613 dividi
2614 3571 2795 3613 auctor
2821 3570 2907 3613 est

1846 3642 1981 3691 idem
2006 3641 2192 3692 Strabo
2215 3642 2301 3692 lib.
2326 3654 2465 3691 xvn.
2485 3654 2551 3689 ex
2578 3656 2681 3705 quo
2702 3642 2903 3690 eruitur

1844 3719 2072 3784 Syphaci
2093 3718 2467 3769 occidentalem
2490 3718 2783 3768 Numidiam
2810 3734 2904 3783 pa·

1846 3796 2042 3843 ruisse:
2074 3794 2126 3843 in
2164 3794 2252 3844 illa
2274 3793 2371 3845 fuit
2398 3795 2633 3859 inprimis
2657 3794 2815 3858 δίκας
2847 3796 2903 3845 in

1845 3871 1941 3921 bac
1963 3870 2117 3921 Zama
2138 3871 2291 3923 Jubae
2314 3872 2479 3934 regia.
2538 3872 2764 3922 Transiit
2786 3880 2905 3937 post

1845 3947 2093 3997 Numidia
2130 3948 2226 3999 sub
2255 3948 2655 4011 imperatoribus
2676 3950 2726 3999 in
2750 3950 2902 4000 Mau·

1843 4023 2043 4074 ritaniae
2094 4038 2278 4073 nomeu
2302 4040 2318 4086 ς
2374 4032 2484 4073 tum
2540 4026 2902 4091 Caesariensis,

1842 4116 1957 4165 quae
1981 4101 2045 4149 ad
2068 4114 2337 4162 occasum3
2374 4108 2477 4150 tum
2498 4100 2761 4152 Sitifensis
2782 4116 2900 4169 quaa

1842 4176 1909 4228 ad
1943 4186 2147 4228 ortum:
2184 4178 2273 4227 illa
2310 4178 2530 4244 Algerii,
2558 4180 2673 4230 haec
2694 4180 2900 4246 Bugioe,

1842 4270 2055 4322 regnum
2074 4255 2228 4307 hodie
2249 4268 2520 4309 vocantur.
