3300 5225
1026 523 1173 570 ms.
1222 523 1466 574 xxiii.
1512 523 1678 572 car».
1721 507 1829 572 48.
2352 507 2526 576 1977

326 665 532 732 diana
566 670 784 733 castra
828 685 1027 750 super
1056 667 1491 748 Suessulam3
1534 669 1764 752 ibique
1815 667 2109 752 hyberna
2142 667 2528 735 aedificavit.
2641 673 2647 680 '

327 769 433 835 Μ.
462 769 750 834 Claudio
798 771 1187 854 proconsuli
1234 771 1609 855 imperavit,
1639 779 1738 849 ut,
1781 776 2040 836 retento
2073 769 2278 836 Nolae
2303 791 2528 837 neces-

328 871 511 935 sario
544 869 632 935 ad
664 871 983 936 tuendam
1014 873 1245 938 urbem
1274 871 1619 957 praesidio,
1646 881 1909 938 ceteros
1947 873 2194 939 milites
2235 873 2532 939 dimitte-

326 978 432 1038 ret
460 971 779 1052 Romam,
808 994 893 1038 ne
926 974 1110 1038 oneri
1156 975 1367 1040 sociis
1398 983 1471 1040 et
1511 977 1760 1040 sumtui
1808 976 1902 1042 rei
1941 976 2234 1060 publicae
2260 971 2539 1041 essent!

329 1075 419 1140 Et
459 1075 567 1141 Ti.
598 1073 945 1141 Gracchus
998 1097 1041 1142 a
1087 1075 1317 1143 Cumis
1356 1077 1713 1144 Luceriam
1759 1079 1829 1143 in
1868 1077 2186 1162 Apuliam
2227 1077 2536 1160 legiones

330 1197 483 1242 cnm
504 1183 561 1214 ²0
592 1176 917 1254 duxisset,
969 1179 1069 1242 M.
1096 1177 1447 1244 Valerium
1492 1180 1648 1244 iude
1687 1188 2038 1264 praetorem
2079 1181 2534 1256 Brundisium,

330 1297 485 1343 cum
532 1299 640 1358 eo,
688 1299 884 1364 quem
928 1279 1231 1344 Luceriae
1269 1279 1621 1358 habuerat,
1653 1283 1956 1347 exercitu
1987 1283 2196 1360 misit,
2227 1283 2535 1366 tuerique

330 1399 512 1446 oram
554 1383 692 1464 agri
717 1381 1087 1462 Sallentini,
1110 1391 1178 1447 et
1208 1382 1582 1466 providere,
1619 1385 1798 1468 quod
1845 1385 1933 1450 ad
1971 1385 2362 1470 Philippum
2392 1383 2537 1450 bel-

328 1482 609 1566 lumque
638 1479 1159 1548 Macedonicum
1191 1485 1530 1562 attineret,
1549 1487 1778 1569 jussit.
1841 1487 2046 1551 Exitu
2071 1487 2334 1552 aestatis
2363 1486 2537 1570 ejus,

330 1606 467 1670 qua
508 1586 657 1651 baec
690 1593 881 1668 gesta
920 1587 1459 1672 perscripsimuS,
1483 1589 1699 1655 literae
1741 1610 1784 1655 a
1829 1590 1915 1655 P.
1947 1598 2016 1656 et
2047 1589 2169 1656 Cn.
2201 1589 2538 1675 Scipioni·

330 1689 461 1753 bus
489 1694 829 1760 venerunt,
860 1696 1149 1774 quantas
1180 1709 1521 1776 quamque
1548 1711 1917 1776 prosperas
1945 1694 2016 1757 in
2048 1693 2392 1778 Hispania
2428 1711 2540 1757 res

337 1791 730 1874 gessissent.
789 1791 923 1856 Sed
956 1793 1315 1874 pecuniam
1345 1791 1413 1855 in
1434 1793 1874 1877 stipendium,
1901 1797 2452 1880 vestimentaque,
2473 1803 2542 1860 et

333 1893 730 1958 frumentum
790 1893 1147 1971 exercitui,
1194 1900 1271 1958 et
1326 1895 1536 1960 sociis
1588 1896 1948 1962 navalibus
1994 1897 2219 1962 omnia
2276 1895 2540 1962 deesse.

336 1993 539 2074 Quod
593 1996 679 2060 ad
728 1995 1131 2079 stipendium
1180 1998 1481 2076 attineat,
1532 1997 1594 2061 si
1638 2001 1950 2064 aerarium
1999 2001 2194 2084 inops
2240 2003 2439 2078 esset,
2468 2019 2543 2064 se

336 2097 633 2182 aliquam
670 2098 995 2164 rationem
1036 2097 1342 2177 inituros,
1372 2118 1504 2182 quo
1533 2101 1737 2166 modo
1765 2101 1852 2166 ab
1887 2101 2222 2186 Hispanis
2251 2107 2542 2169 sumant.

338 2197 579 2266 Cetera
608 2202 841 2284 utique
871 2201 961 2266 ab
990 2198 1217 2264 Roma
1239 2199 1561 2266 mittenda
1591 2219 1786 2268 esse:
1824 2221 1948 2267 nec
1979 2203 2173 2268 aliter
2201 2211 2318 2268 aut
2349 2222 2545 2267 exer-

334 2301 549 2368 citum
604 2310 725 2368 aut
771 2303 1191 2388 provinciam
1243 2302 1519 2366 attineri
1539 2309 1559 2340 ¹
1608 2321 1830 2386 posse.
1918 2303 2168 2369 Literis
2217 2303 2543 2382 recitatis,

332 2423 531 2471 nemo
558 2407 855 2471 omnium
883 2411 1048 2483 erat,
1072 2405 1257 2490 quin,
1282 2409 1349 2468 et
1374 2423 1539 2470 vera
1556 2411 1582 2440 ²
1610 2405 1836 2486 scribi,
1861 2411 1930 2470 et
1953 2404 2288 2490 postulari
2317 2423 2544 2488 oequa,

335 2507 692 2574 fateretur:
738 2507 860 2574 sed
914 2508 1308 2573 occurrebat
1355 2505 1615 2586 animis,
1667 2515 1963 2591 quantos
2023 2508 2363 2573 exercitus
2409 2515 2546 2572 ter·-

334 2618 581 2676 restres
611 2611 1023 2697 navalesque
1053 2614 1410 2688 tuerentur,
1443 2618 1832 2695 quantaque
1877 2631 2058 2676 nova
2104 2610 2346 2677 classis
2379 2630 2546 2677 mox

334 2713 637 2797 paranda
664 2721 873 2791 esset,
904 2714 964 2779 si
996 2713 1237 2779 bellum
1265 2712 1792 2778 Macedonicum
1822 2721 2226 2781 moveretur.
2316 2718 2338 2749 ‘
2370 2714 2550 2779 Sici-

334 2816 498 2883 liam
528 2837 611 2883 ac
640 2817 1043 2897 Sardiniam,
1089 2836 1244 2901 quae
1293 2825 1450 2880 ante
1495 2815 1747 2881 bellum
1793 2816 2166 2901 vectigales
2209 2816 2545 2893 fuissent,⁸

1256 2998 1316 3020 00
1322 2998 1530 3019 ‘MCC
1536 2997 1627 3018 ΝΟ

400 3136 469 3183 2⁰
500 3131 634 3183 Diua
655 3131 799 3183 Editi
822 3133 1085 3183 multi.-1
1120 3140 1135 3163 ⁴
1157 3133 1245 3183 Ita
1267 3132 1447 3195 optimi
1471 3132 1600 3182 Mss.
1626 3130 1714 3181 alii
1737 3130 1892 3181 teneri
1913 3137 1966 3181 et
1988 3130 2191 3181 obtineri
2207 3146 2224 3179 .-
2257 3143 2434 3179 omnes
2457 3143 2548 3179 au·

334 3204 445 3248 tem
470 3197 607 3249 Edd.
645 3199 877 3249 retineri.-
914 3214 1027 3262 qun
1051 3206 1242 3249 cuncta
1272 3198 1409 3249 haud
1433 3196 1588 3247 dubie
1622 3196 1907 3247 substituta
1930 3196 1996 3246 ab
2017 3197 2081 3245 iis
2115 3196 2200 3260 qui
2238 3194 2550 3257 ignorabant

335 3264 547 3313 citime
578 3262 683 3313 dici
724 3278 818 3327 pro
858 3265 1105 3319 retinere,
1143 3266 1227 3313 vel
1266 3264 1422 3326 tueri,
1458 3261 1762 3312 custodire.’
1791 3262 2094 3325 Rupere-2
2124 3260 2311 3310 ‘Nem
2343 3260 2552 3311 mima

336 3332 463 3386 erut,
492 3328 577 3392 qni
597 3344 689 3379 aaa
708 3333 759 3379 et
778 3342 909 3379 wa.
943 3329 1082 3379 Pall.
1106 3338 1161 3379 et
1186 3330 1341 3379 Voss.
1372 3328 1456 3393 qai
1476 3342 1561 3379 aec
1579 3342 1710 3378 mu.
1761 3326 1962 3392 Optimi
1983 3327 2097 3391 qaia
2117 3330 2162 3376 et
2185 3339 2318 3390 uera,
2339 3333 2398 3377 nt
2419 3324 2551 3377 vidit

1335 3488 1549 3540 No'rAE

402 3583 428 3617 f
454 3584 537 3635 Na
560 3586 693 3636 oneri
718 3586 863 3637 sociis
890 3592 939 3636 et
968 3587 1236 3637 anteiret
1265 3602 1315 3650 p.
1337 3600 1409 3635 ea-
1486 3586 1703 3649 aingulis
1737 3598 1832 3649 pro
1868 3584 2068 3636 ratione
2101 3598 2284 3635 census
2305 3584 2552 3649 imperari

338 3660 471 3725 aaut]
503 3662 833 3714 Commeatus
866 3664 1062 3729 quippe
1098 3672 1155 3713 et
1184 3662 1408 3727 hospitia
1487 3663 1670 3723 solita3
1704 3670 1758 3711 et
1784 3676 1879 3725 pro
1902 3663 2184 3724 stipendio,
2204 3662 2311 3710 sive
2343 3661 2552 3711 militari

339 3737 496 3789 sociis
528 3738 929 3789 incumbe-hautx
968 3739 1259 3803 respublica
1283 3752 1407 3788 vero
1486 3753 1613 3800 aere,
1635 3736 1772 3804 quod
1799 3751 1893 3801 per
1911 3738 2096 3800 stipes,
2112 3751 2205 3786 seu
2228 3736 2430 3786 modica
2447 3750 2554 3787 era

338 3820 539 3865 sumtus
586 3814 959 3879 stipendiorum
1002 3814 1252 3878 faciebat,
1288 3830 1405 3880 quae
1484 3816 1830 3879 colligebatur
1850 3833 1866 3863 ε
1899 3828 2066 3879 eoque
2087 3814 2291 3863 nomine
2313 3826 2552 3876 compre-

340 3890 551 3940 uonuiai
568 3890 910 3941 militantibus
928 3891 1285 3941 solvebantur:
1312 3905 1403 3941 un·
1482 3892 1844 3943 hendebantur
1860 3891 2113 3953 decumae,
2130 3892 2334 3955 aliaque
2351 3890 2552 3941 collati-

338 3964 409 4015 de
440 3964 631 4015 milites
654 3966 859 4016 domurn
879 3981 1023 4017 suam
1048 3968 1280 4017 revocati
1301 3980 1408 4017 ωτι
1487 3983 1644 4019 onum
1680 3970 1788 4019 sive
1823 3982 2034 4019 onerum
2075 3966 2297 4017 nomina.
2329 3984 2336 3991 ·
2371 3966 2554 4016 Vecti-

340 4056 449 4094 που
471 4043 818 4105 accipiebant.
1486 4045 1629 4109 galea
1675 4044 1853 4109 itaque
1895 4043 2178 4109 provincio
2227 4041 2554 4109 dicebantur,

408 4126 437 4165 t
470 4120 719 4177 Quanto
734 4120 904 4169 &unm
918 4119 1411 4185 oet-eigamfuimne]
1488 4136 1605 4187 quae
1646 4122 1866 4185 vectigal
1912 4120 2242 4184 pendebant;
2290 4126 2349 4171 ut
2389 4118 2554 4169 tribu-

346 4196 587 4260 Vectigal,
622 4212 655 4247 a
692 4203 906 4248 vectura
942 4197 1162 4260 dictum,
1196 4198 1407 4263 proprie
1488 4198 1655 4255 tat-ie,
1697 4212 1812 4262 quae
1857 4196 2124 4262 tributum,
2180 4194 2554 4259 stipendiario,

340 4272 551 4338 quidem
588 4274 873 4337 portorium
911 4272 1211 4338 significat:
1250 4273 1407 4325 latius
1486 4288 1603 4339 quas
1627 4272 1964 4338 stipendium,
1985 4270 2348 4323 conferebant.
2412 4271 2552 4322 Vide

338 4356 520 4401 tamen
552 4350 811 4413 accipitur
833 4364 929 4414 pro
955 4351 1151 4401 tributo
1174 4356 1231 4401 et
1252 4364 1411 4415 pecu·
1487 4348 1671 4415 Sigon.
1691 4348 1757 4399 de
1780 4350 1990 4414 antiquo
2005 4348 2129 4413 jure
2153 4348 2387 4414 provinc.
2404 4348 2552 4399 lib.t.

342 4426 451 4483 nia,
489 4426 805 4488 publicarum
843 4427 1217 4479 necessitatum
1254 4440 1414 4477 cansa
1486 4440 1605 4491 cap.
1629 4430 1676 4477 1.

476 4506 655 4573 Delph.
684 4514 737 4561 et
764 4507 880 4559 Ver.
902 4509 1033 4559 Clas.
1339 4507 1529 4559 bivias.
2297 4510 2331 4555 6
2366 4505 2415 4556 Ο
