3300 5225
758 517 937 586 1902
1697 533 1766 582 ‘r-
1821 533 2020 582 mvn

758 699 909 746 cum
937 679 1247 758 dixisset,
1270 675 1656 762 gladiumin
1682 678 2029 764 publicum
2055 681 2238 746 trans
2261 677 2624 746 maceriam
2651 679 2826 746 horti
2849 681 2968 747 ab·-

748 782 954 868 jecit:
1007 787 1093 863 et,
1124 802 1261 868 quo
1308 782 1535 848 minus
1582 803 1696 850 res
1743 789 2062 869 suspecta
2104 789 2310 866 esset,
2339 803 2416 850 se
2459 784 2612 870 ipse
2649 785 2968 852 convivio

757 885 1077 952 reddidit.

842 987 954 1055 10.
998 987 1287 1056 Postero
1318 989 1424 1056 die
1454 997 1732 1056 senatus
1762 990 2078 1076 frequens
2105 989 2308 1056 datus
2335 988 2768 1058 Hannibali-⁵
2829 989 2972 1057 Ubi

756 1091 973 1178 prima
1002 1092 1148 1178 ejus
1180 1094 1399 1160 oratio
1444 1094 1816 1178 perblanda
1857 1113 1941 1160 ac
1994 1094 2278 1177 benigna
2326 1093 2479 1173 fuit,
2533 1113 2672 1180 qua
2715 1093 2971 1177 gratias

759 1196 900 1278 egit
912 1195 1494 1283 Campanis,quod
1518 1196 1884 1263 amicitiam
1903 1215 2090 1262 suam
2108 1193 2438 1263 Romanae
2461 1197 2776 1263 societati
2794 1217 2974 1282 pras·

758 1299 1190 1383 posuissent3
1235 1299 1353 1366 et⁶
1380 1301 1553 1367 inter
1590 1309 1821 1366 cetera
1849 1299 2205 1383 magnifica
2233 1301 2571 1384 promissa
2599 1298 2972 1384 pollicitae,

757 1402 951 1468 brevi
982 1407 1187 1486 caput
1218 1403 1443 1470 Italiae
1472 1405 1653 1470 omni
1675 1412 1700 1453 ⁷
1732 1401 2040 1486 Capuam
2069 1400 2268 1482 fore‚¹²
2310 1404 2600 1490 juraque
2629 1403 2792 1468 inde
2821 1421 2972 1468 cum

758 1506 1002 1572 ceteris
1043 1506 1319 1590 populis
1369 1503 1798 1572 Romanum*
1837 1506 2040 1572 etiam
2091 1505 2473 1590 petiturum.
2563 1503 2789 1571 Unum
2821 1524 2971 1570 esse

757 1613 1089 1674 exsortem
1132 1607 1417 1676 Punicas
1455 1609 1776 1674 amicitiae
1821 1606 2236 1692 foederisque
2269 1627 2501 1674 secum
2539 1607 2722 1686 facti,
2767 1627 2971 1693 quem

758 1729 979 1797 neque
1027 1730 1177 1777 esse
1227 1710 1666 1796 Campanum,
1711 1731 1936 1797 neque
1988 1711 2128 1778 dici
2173 1710 2446 1790 debere,
2493 1711 2802 1794 Magium
2837 1711 2974 1776 De·

761 1813 964 1879 cium.
1053 1813 1229 1880 Eum
1260 1816 1632 1899 postulare,
1661 1823 1742 1880 ut
1770 1816 1904 1881 sibi
1935 1814 2240 1888 dedatur,
2273 1834 2358 1882 ac
2403 1835 2479 1880 se
2519 1817 2858 1899 praesente
2886 1813 2973 1878 de

760 1935 846 1980 eo
887 1915 1237 1996 referatur,
1282 1922 1698 2004 senatusque
1745 1917 2128 1984 consultum
2175 1917 2319 1982 fiat.
2409 1917 2664 1982 Omnes
2710 1916 2782 1980 in
2825 1935 2973 1982 eam

762 2019 1167 2086 sententiam
1195 2019 1443 2088 ierunt:
1488 2041 1879 2108 quanquam
1909 2039 2170 2104 magnae
2198 2019 2384 2105 parti
2413 2025 2482 2086 et
2517 2020 2623 2086 vir
2663 2018 2976 2102 indignus

761 2141 845 2188 ea
888 2121 1294 2203 calamitate,
1341 2129 1412 2190 et
1456 2122 1637 2190 haud
1681 2145 1892 2210 parvo
1931 2123 2124 2190 initio
2141 2132 2170 2175 ⁹
2203 2121 2416 2189 miriui
2462 2123 2824 2190 videbatur
2855 2123 2976 2208 jus

760 2224 1123 2291 libertatis.
1176 2223 1515 2308 Egressus
1545 2227 1758 2306 curia,
1789 2226 2136 2311 intemplo
2165 2226 2600 2310 magistratus
2628 2225 2974 2308 consedit;

764 2327 1375 2413 comprehendique
1405 2328 1694 2394 Decium
1741 2327 2052 2414 Magium
2096 2333 2297 2414 atque
2327 2333 2482 2395 ante
2517 2327 2730 2414 pedes
2769 2327 2978 2392 desti·

760 2434 1017 2494 tutum·
1062 2449 1341 2498 causam
1380 2430 1598 2498 dicere
1632 2431 1870 2517 Jussit.
1959 2431 2102 2510 Qui
2141 2451 2322 2512 cum,
2373 2437 2678 2498 manente
2719 2429 2979 2496 ferocia

764 2533 988 2614 animi,
1016 2538 1295 2618 negaret
1322 2534 1469 2619 lege
1496 2533 1770 2602 foederis
1798 2534 1870 2601 id
1899 2534 2054 2621 cogi
2075 2554 2305 2621 posse,
2327 2539 2472 2602 tum
2499 2533 2765 2621 injectae
2797 2539 2978 2599 cate·

762 2656 894 2717 nae,
920 2637 1207 2724 ducique
1238 2642 1391 2707 ante
1416 2638 1728 2706 lictorem
1753 2639 1824 2705 in
1854 2645 2076 2705 castra
2104 2644 2210 2705 est
2240 2638 2503 2724 jussus.
2590 2636 2837 2718 Quoad
2869 2654 2980 2702 ca·

764 2742 905 2825 pite
936 2748 1167 2827 aperto
1197 2746 1305 2808 est
1333 2740 1603 2823 ductus,
1621 2743 2214 2811 concionabnndus
2249 2742 2554 2819 incessit,
2573 2742 2664 2806 ad
2695 2740 2976 2806 circum·

764 2844 990 2911 fusam
1032 2844 1329 2931 undique
1359 2846 1852 2913 multitudinem
1877 2846 2295 2913 vociferans:
2341 2851 2360 2884 ‘
2393 2845 2686 2912 Habetis
2709 2844 2978 2909 liberta-

768 2956 985 3031 tem,¹0
1016 2947 1370 3036 Campani,
1416 2969 1621 3035 quam
1668 2951 1960 3037 petistis.
2049 2950 2228 3016 Foro
2275 2949 2517 3030 medie,
2565 2948 2721 3014 luce
2769 2946 2977 3016 clara»

832 3124 852 3151 ⁸
886 3118 1212 3171 Constitutus}
1230 3118 1293 3169 od
1308 3118 1450 3183 pedes
1471 3116 1711 3181 judicum.

1718 3248 1960 3270 em
1961 3249 2051 3270 ΝΟ

830 3371 862 3417 5
898 3365 1063 3428 Olim,
1096 3366 1243 3417 datm·
1269 3364 1649 3419 Hannibali—6
1685 3368 1756 3419 Et
1787 3376 1912 3417 ante
1947 3366 2080 3417 ister
2114 3362 2394 3416 delendum
2435 3361 2646 3413 videtur
2683 3362 2974 3414 flauere.—

767 3435 799 3482 7
836 3430 973 3481 Edd.
997 3438 1129 3482 vett.
1150 3433 1322 3483 omnis.
1324 3437 1422 3482 -8
1454 3433 1581 3485 Vet.
1603 3433 1697 3483 lib.
1715 3432 1858 3511 apud
1879 3433 2060 3528 Sig‘on.
2083 3447 2189 3481 cum
2209 3430 2380 3481 ceteris
2397 3429 2617 3492 populum
2633 3426 2977 3478 Romen.—

769 3500 805 3547 ⁹
836 3497 959 3547 Ver.
998 3496 1093 3547 li.b
1129 3496 1270 3561 apud
1315 3496 1539 3549 eundern
1564 3498 1774 3577 jndicio.
1778 3502 1907 3547 —10
1956 3497 2196 3547 ‘Habetis
2231 3510 2336 3546 esus
2371 3494 2656 3544 libertatern.
2719 3494 2976 3557 Sigonius,

770 3561 979 3614 Habetis
998 3576 1058 3612 en
1078 3562 1362 3614 ubertatem.
1428 3564 1532 3615 Sed
1570 3564 1737 3616 nostri
1769 3577 1949 3616 omnes
1971 3562 2172 3615 utravis
2195 3574 2322 3612 vocs
2344 3557 2557 3611 carent-⁹
2589 3558 2649 3609 J.
2673 3558 2736 3608 F.
2763 3560 2976 3611 Gronov.

1759 3728 1809 3781 N
1816 3726 1981 3780 01*AE

766 3823 1839 3887 mum,ubiHsnnibsldiver-snbstantia—
1917 3831 1974 3875 to
1997 3824 2048 3874 in
2084 3820 2344 3884 Asinaria,
2382 3825 2508 3883 ‘ego
2541 3824 2706 3882 capnt
2741 3818 2862 3869 huie
2902 3831 2981 3869 sr-

769 3904 899 3954 1ium
921 3917 1093 3954 arcem
1124 3902 1410 3968 appellare.
1451 3902 1644 3968 Tansq.
1669 3901 1842 3953 Faber
1919 3909 2078 3967 gente
2095 3898 2169 3950 fui
2190 3896 2348 3949 bodie
2376 3894 2725 3961 reperiuudo!
2789 3896 2981 3947 Verum

766 3980 1045 4047 legendum
1060 3990 1345 4045 auguratur
1362 3979 1840 4045 tamnen-iudam,
1919 3982 2021 4032 alis
2043 3988 2124 4031 est
2150 3976 2328 4029 Plauti
2369 3975 2652 4036 sementis,
2686 3974 2790 4025 alia
2820 3976 2987 4037 Livii}

773 4072 865 4123 qno
890 4073 981 4123 pro
1012 4062 1062 4109 te
1083 4063 1295 4108 amous
1330 4058 1463 4108 hoste
1488 4059 1690 4109 nuum
1717 4058 1842 4109 sole·
1919 4072 2038 4109 nam
2077 4057 2094 4085 ⁸
2115 4061 2276 4120 caput
2307 4052 2426 4103 buie
2464 4060 2684 4116 argento
2717 4052 2986 4116 reperiun-

770 4134 897 4201 δα»,
930 4132 1116 4201 quando
1152 4150 1325 4199 pur-ess
1360 4138 1629 4199 extorquet,
1669 4134 1842 4200 recipe.
1923 4132 2028 4198 do‚’
2060 4132 2198 4182 idem
2233 4136 2319 4181 est
2356 4143 2418 4179 ac
2453 4136 2636 4179 auctor
2657 4134 2714 4177 et
2745 4130 2984 4179 inventor

774 4214 966 4265 Cetera
984 4219 1137 4278 putat
1158 4227 1224 4262 ex
1243 4214 1567 4277 glossematis
1590 4227 1728 4263 esse.
1921 4210 1993 4261 fui
2021 4208 2258 4275 pecunia
2297 4202 2655 4256 invenienda.
2711 4205 2870 4269 Cqmt
2898 4219 2986 4255 au·

836 4290 862 4325 ¹·
898 4292 1055 4355 Caput
1077 4290 1237 4340 Italia
1258 4290 1388 4340 omni
1412 4286 1609 4355 [mis]
1628 4293 1842 4353 Capsam
1922 4298 2024 4340 tem
2072 4286 2232 4338 Italia·
2263 4283 2417 4333 omnis
2467 4278 2728 4345 significat
2775 4282 2984 4347 Capuan

760 4365 899 4431 fore]
947 4362 1112 4430 Libri,
1147 4366 1416 4417 Gronovio
1456 4372 1615 4430 teste,
1647 4367 1840 4419 babent
1918 4365 2203 4433 principem
2241 4358 2466 4411 futuram
2491 4358 2652 4409 totius
2691 4358 2856 4411 ltalia
2893 4372 2982 4426 po-

774 4448 920 4513 omni,
944 4462 1060 4515 quae
1074 4445 1233 4498 lectio
1250 4446 1585 4499 confirmatur
1602 4462 1666 4500 ex
1683 4448 1838 4500 Plau·
1919 4444 2156 4511 pulcrum
2179 4454 2242 4491 sc
2263 4436 2556 4493 civitatum.
