3300 5225
821 559 1032 608 maai
1083 557 1255 610 xix.
1293 559 1953 610 supvznusswrum.
2316 543 2490 611 1607

259 713 468 765 natum
514 703 606 764 bis
630 704 967 766 consulibus
989 713 1082 766 est
1107 705 1308 766 navali
1332 703 1536 786 proelio
1563 725 1777 784 magno
1800 704 1961 788 apud
1994 705 2163 784 AEgi-
2222 713 2399 766 Vellei.
2418 731 2456 766 1.

265 821 516 872 murum,
543 802 762 862 neutris
786 803 926 862 laeto
952 803 1159 862 exitu.
1203 803 1420 884 quippe
1441 823 1721 882 magnum
1747 811 1809 862 et
1838 803 2162 874 hominum,
2188 782 2316 894 ἔξω.
2352 861 2416 897 n
2434 851 2489 897 2

260 907 322 957 et
347 899 592 959 navium
619 920 924 960 numerum
939 899 1242 981 perdidere
1268 899 1481 960 Poeni·
1523 899 1733 961 victrix
1755 899 2163 960 Romanorum

259 994 464 1055 classis
489 1017 569 1056 ex
596 996 763 1058 hoste
786 1005 958 1077 parta
983 997 1240 1076 ingentia
1274 996 1464 1078 spolia
1489 997 1549 1058 vi
1576 1005 1989 1078 tempestatum
2016 997 2161 1056 ami·

258 1093 354 1152 sit.
440 1091 522 1152 In
577 1091 820 1155 Sicilia!
865 1093 994 1175 pari
1032 1102 1097 1154 et
1135 1093 1402 1166 consilio,
1446 1101 1510 1154 et
1551 1093 1790 1154 fortuna
1829 1115 1921 1154 res
1962 1103 2163 1173 gestae,

259 1209 440 1267 quam
467 1191 762 1271 superiore
805 1211 960 1252 anno
1003 1191 1228 1252 factum
1271 1191 1505 1251 fuerat:
1565 1189 1793 1250 difficili
1830 1191 2168 1251 consulibus

256 1285 420 1346 bello
443 1307 564 1348 non
584 1288 767 1367 magis
782 1289 863 1350 ob
891 1289 1267 1369 asperitatem
1295 1287 1578 1360 locorum,
1608 1308 1785 1368 quam
1814 1290 1893 1348 ob
1921 1287 2166 1348 Hamil-

257 1383 412 1442 caris
429 1383 752 1462 ingenium,
781 1387 884 1466 qui
901 1385 1054 1445 sicut
1076 1386 1136 1444 in
1164 1385 1473 1446 audaciam
1495 1392 1776 1465 promtus,
1804 1385 1889 1446 ita
1917 1384 1994 1445 ad
2013 1393 2167 1445 artes

257 1479 402 1539 belli
426 1480 840 1542 callidissimus
879 1491 1025 1542 erat.
1110 1481 1351 1550 Quibus
1393 1483 1567 1542 rebus
1603 1481 1707 1542 illo
1743 1491 2003 1562 tempore
2030 1481 2163 1542 Ro-

259 1597 464 1638 manos
487 1579 576 1638 ita
597 1581 891 1649 sustinuit,
917 1587 985 1640 ut
1009 1599 1126 1639 non
1159 1578 1336 1640 modo
1364 1578 1522 1650 loca,
1549 1599 1687 1660 quae
1713 1588 1974 1660 ceperat,
2003 1587 2161 1640 tuta-

255 1684 435 1747 retur,
459 1675 834 1757 hostiumque
859 1676 1050 1737 socios
1074 1676 1132 1736 in
1166 1675 1376 1736 Sicilia
1415 1675 1731 1758 Italiaeque
1771 1697 1876 1738 ora
1903 1677 2163 1737 incursa-

257 1781 378 1841 ret;
443 1773 550 1832 sed
583 1773 760 1834 etiam
798 1774 858 1834 in
897 1773 1016 1834 alia
1065 1773 1342 1846 intentuS,
1390 1783 1656 1834 ruentem
1694 1793 1817 1834 rem
1862 1773 2160 1834 Punicam

257 1870 474 1949 ubique
501 1869 756 1942 fiilciret,
781 1871 1096 1932 industrius
1123 1871 1305 1943 idem,
1334 1879 1398 1930 et
1420 1891 1556 1931 cum
1584 1870 1767 1930 animi
1802 1869 2161 1930 firmitudine

255 1967 485 2026 consilii
515 1987 592 2028 ex
635 1977 896 2050 tempore
932 1968 1214 2049 capiendi
1248 1967 1484 2028 artifex.
1571 1967 1790 2048 Itaque
1836 1967 2159 2048 Lilybaeta-
2185 1981 2490 2034 Frontstmt.

257 2084 382 2135 nos,
421 2064 526 2145 qui
549 2074 708 2126 terra
731 2066 990 2126 maxime
1015 2066 1456 2146 premebantur,
1495 2065 1697 2145 inopia
1740 2074 1802 2125 et
1825 2073 1982 2125 metu
2011 2064 2159 2125 libe·
2184 2063 2272 2100 ω·
2297 2053 2374 2100 ¹⁰·

255 2179 381 2221 rare
425 2162 692 2243 cupiens,
737 2171 965 2244 partem
1009 2162 1232 2234 classis,
1270 2170 1337 2222 ut
1373 2161 1705 2242 Lilybaeum
1748 2169 2061 2242 petentem,
2100 2163 2161 2222 in

255 2257 378 2318 alto
407 2261 594 2338 jussit
616 2261 914 2320 obversari
942 2281 957 2320 ι
1001 2261 1170 2340 cujus
1213 2258 1291 2320 ad
1326 2268 1705 2342 conspectum
1732 2278 1867 2318 cum
1896 2257 2159 2319 Romani

255 2357 612 2430 evolassent,
659 2359 786 2440 ipse
825 2378 960 2418 cum
1005 2359 1272 2430 navibus,
1317 2378 1466 2438 quas
1505 2357 1582 2418 ad
1622 2356 1821 2418 hocin
1850 2355 1981 2418 loco
2009 2345 2161 2418 unde

255 2455 518 2536 conspici
543 2458 936 2536 nequiverant
983 2455 1249 2516 occultas
1283 2455 1591 2527 habuerat,
1636 2463 1867 2536 portum
1908 2474 2161 2536 occupa-

255 2551 360 2623 vit,
387 2553 772 2635 obsessosque
799 2553 1109 2635 praesentia
1133 2573 1242 2613 sua
1257 2561 1328 2613 et
1351 2571 1544 2614 rerum
1581 2551 2037 2613 necessariarum
2067 2553 2160 2610 in-

257 2662 432 2713 recta
458 2653 936 2734 eopia-magnam
961 2652 1022 2713 in
1049 2672 1214 2733 spem
1241 2652 1722 2733 alacritatemque
1749 2652 1956 2712 erexit.

335 2757 436 2811 49.
477 2748 644 2809 ‘Cum
691 2749 769 2810 ad
797 2749 950 2810 hunc
975 2748 1214 2812 modum
1258 2758 1487 2830 tempus
1535 2750 1592 2808 in
1637 2748 1847 2810 Sicilia
1872 2742 2158 2809 bellando

256 2846 686 2919 extraheretur,
725 2847 994 2907 consules
1037 2846 1123 2906 A.
1165 2846 1434 2907 Manlius
1455 2846 1528 2907 T.
1559 2846 1631 2907 F.
1660 2846 1733 2907 T.
1768 2844 1858 2906 N.
1890 2845 2155 2926 Torqua-

256 2952 346 3002 tus
371 2944 641 3015 Atticus,
672 2943 750 3005 C.
781 2942 1157 3025 Sempronius
1175 2942 1272 3003 Ti.
1304 2943 1374 3003 F.
1402 2942 1497 3003 Ti.
1531 2942 1619 3003 N.
1645 2942 1879 3003 Blaesus
1903 2944 2133 3014 iterum,
2132 2954 2159 2991 8

257 3039 334 3099 ad
356 3040 658 3102 exercitus
699 3050 998 3101 venerunt.
1085 3040 1211 3101 Sub
1254 3040 1314 3101 id
1343 3050 1573 3122 tempus
1597 3061 1714 3100 non
1739 3050 1861 3101 tam
1896 3038 2155 3101 commu-

253 3146 402 3209 tata,
430 3158 614 3219 quam
642 3138 829 3217 magis
865 3138 1106 3197 astricta
1150 3139 1278 3217 ejus
1311 3138 1452 3197 belli
1492 3138 1644 3198 ratio
1678 3147 1785 3197 est.
1870 3136 2154 3208 Romani,
2181 3158 2355 3226 Polyb
2362 3175 2377 3207 ι
2384 3164 2483 3209 58.

252 3234 340 3293 uti
365 3235 550 3315 paulo
578 3244 716 3294 ante
743 3234 1128 3305 narravimus,
1145 3254 1322 3315 supra
1350 3234 1604 3315 Erycem
1623 3234 1858 3294 urbem'
1844 3254 1900 3293 ιιι
1928 3254 2158 3294 summo

251 3342 454 3393 monte
480 3331 818 3413 praesidium
843 3330 1315 3400 collocaverant3
1361 3331 1524 3391 aliud
1553 3330 1756 3391 itidem
1780 3330 1929 3390 infra
1954 3330 2156 3389 urbem

249 3428 310 3487 in
353 3429 554 3490 radice
612 3428 866 3489 montis:
925 3428 1170 3488 munitio
1214 3438 1496 3509 praeterea
1535 3429 1797 3509 situsque
1842 3428 1979 3499 loci,
2022 3450 2157 3489 cum

241 3527 534 3587 custodiae
578 3526 730 3587 tales
773 3524 1142 3597 accederent,
1179 3524 1354 3586 facile
1397 3525 1757 3597 efficiebant,
1813 3546 1885 3584 ne
1923 3525 2065 3606 quid
2101 3528 2156 3584 ei

247 3625 382 3685 urbi
409 3622 790 3685 metuendum
815 3622 1127 3683 videretur.
1173 3621 1293 3682 Sed
1319 3622 1574 3681 audacia
1601 3620 1987 3693 Hamilcaris,
2012 3624 2156 3684 nihil

242 3720 470 3781 homini
497 3721 850 3802 impervium
874 3741 998 3780 esse
1026 3739 1200 3800 passa
1231 3718 1391 3800 quod
1433 3718 1675 3799 aggredi
1702 3720 1989 3791 libuisset,
2034 3740 2157 3781 rem

241 3827 475 3879 tantam
498 3819 845 3879 brevissimo
871 3827 1131 3898 tempore
1159 3816 1420 3898 perfecit.
1485 3816 1606 3876 Ille
1633 3816 1789 3876 enim
1815 3827 1993 3876 noctu
2019 3837 2153 3881 cum

237 3916 437 3996 copiis
482 3916 786 3997 appulsus,
831 3924 893 3974 et
917 3932 1218 3975 ascensum
1245 3912 1563 3973 stadiorum
1595 3910 1870 3991 triginta*
1920 3912 2153 3974 silentio
2176 3932 2327 3983 Diod.
2352 3932 2457 3985 Ecl.

237 4032 540 4084 emensus,
567 4013 856 4093 cumipse
883 4020 1017 4071 ante
1063 4030 1272 4090 agmen
1317 4032 1553 4071 suorum
1600 4011 1871 4092 princeps
1912 4010 2149 4071 incede·-
2176 4000 2212 4051 ¹·
2238 4014 2389 4048 '‘¹¹¹''-

293 4256 330 4297 Ι
382 4258 450 4308 In
491 4258 691 4323 Sicilia]
746 4258 918 4309 Silent
961 4264 1169 4311 veteres
1221 4244 1227 4251 ’
1306 4258 1330 4292 ⁵
1354 4260 1632 4311 Studiorum
1650 4258 2153 4322 triginta1Pmuum

233 4324 532 4401 scriptores
573 4324 640 4373 de
673 4324 826 4389 hujus
859 4325 980 4374 anni
1015 4328 1169 4377 rebus
1239 4330 1388 4377 8750.
1427 4325 1478 4375 id
1519 4337 1618 4387 en,
1653 4326 1817 4376 leucae
1852 4325 2000 4376 unius
2036 4338 2153 4375 carn

233 4390 286 4437 in
307 4388 498 4439 Sicilia
519 4390 696 4451 gestis.
737 4392 878 4439 Creo.
1241 4390 1550 4467 quadrante.
1587 4394 1731 4442 Crev-

293 4454 1080 4508 eA.U.c....5osAc244.
