3300 5225
791 485 965 558 1594

1741 505 1815 556 Τ..
1864 505 2055 554 mvn

787 659 1093 712 Frontstrat.
1115 621 1312 728 ganda
1344 649 1501 710 enim
1545 649 1866 712 Poenorum
1912 660 2082 712 erant
2112 651 2432 734 proesidia,)
2458 671 2639 712 naves
2674 652 2733 710 in
2758 651 3015 732 speciem

791 739 856 776 u.
879 730 964 778 13.

783 1114 958 1182 Polyb.

781 1531 918 1584 Entr.
939 1533 975 1583 1.
1000 1549 1063 1585 11.

816 1629 966 1678 Diod.
981 1629 1084 1684 Eoi.

777 1694 814 1746 1.
841 1711 993 1748 xxxv.

811 1909 955 1959 Oros.
978 1925 1052 1963 rv-

781 1975 934 2088 iiim.

779 2809 1080 2877 Polymnu-

769 4161 927 4212 Diod.

771 4258 944 4324 Polyb.

1113 746 1441 807 victricium
1470 748 1661 807 ornari
1678 749 1875 826 jussit.
1962 749 2067 808 Ita
2093 749 2305 810 Poenis
2323 750 2629 810 victoriam
2655 769 2835 830 penes
2872 769 3017 808 con-

1111 842 1296 919 sulem
1312 842 1514 915 fuisse,
1534 843 1906 925 reliquasque
1923 866 2105 906 naves
2125 849 2255 927 ejus
2282 867 2423 906 mox
2448 856 2771 916 secuturas,
2800 855 3018 926 putan-

1109 941 1290 1012 tibus,
1317 960 1432 1000 non
1459 940 1636 1001 modo
1664 950 1823 1002 tutus
1858 943 1915 1002 ei
1938 943 2181 1014 redituS,
2209 943 2313 1002 sed
2340 945 2521 1004 etiam
2552 943 2816 1002 hostibus
2846 943 3015 1001 terri-

1109 1035 1248 1096 bilis
1274 1035 1601 1118 Lilybaeum
1629 1036 1761 1098 fuit.

1191 1139 1291 1195 22.
1336 1132 1609 1195 Relictas
1649 1155 1689 1194 a
1726 1135 1964 1196 consule
2010 1157 2191 1197 naves
2231 1147 2349 1197 tres
2384 1144 2453 1196 et
2492 1135 2815 1214 nonaginta
2856 1135 3021 1216 cepit

1108 1230 1291 1291 hostis
1337 1250 1458 1291 una
1508 1251 1643 1292 cum
1690 1233 2217 1313 propugnatoribus
2263 1243 2325 1293 et
2366 1234 2609 1312 remige,
2659 1240 2871 1312 praeter
2916 1253 3017 1291 eos

1107 1327 1233 1406 qui,
1261 1328 1512 1388 navibus
1545 1348 1762 1407 mag-na
1797 1329 1858 1388 vi
1894 1330 2187 1410 impactis,
2228 1331 2531 1408 ejecerunt
2570 1349 2631 1388 se
2678 1329 2738 1387 in
2778 1337 3015 1400 terram,

1105 1421 1516 1504 fugeruntque.
1601 1423 1724 1486 Sed
1766 1433 1828 1486 et
1872 1426 1929 1485 in
1973 1427 2099 1507 ipso
2139 1427 2341 1508 praelio
2370 1446 2617 1504 magnus
2642 1425 2878 1485 navium
2908 1445 3015 1484 nu-

1107 1542 1300 1583 merus
1352 1523 1661 1604 depressus
1700 1533 1823 1584 est:
1878 1544 2016 1584 nam
2060 1523 2256 1605 plures
2300 1523 2569 1584 ducentis
2617 1523 2886 1603 Lilybaeo
2931 1523 3014 1583 P.

1110 1618 1359 1680 Clodius
1409 1620 1751 1683 advexerat.
1860 1620 2055 1681 Tanta
2114 1621 2363 1682 victoria
2423 1619 2662 1706 minimo
2716 1619 3016 1700 impendio

1110 1715 1692 1797 Carthaginiensibus
1734 1720 1932 1779 stetit:
1982 1738 2098 1778 non
2142 1717 2319 1777 modo
2365 1737 2600 1788 navem,
2646 1716 2751 1776 sed
2792 1736 2867 1776 ne
2910 1716 3017 1776 ho-

1107 1815 1321 1874 minem
1352 1813 1593 1896 quidem
1617 1813 1803 1874 ullum
1837 1815 2141 1885 interiisse,
2169 1813 2507 1875 vulneratos
2532 1812 2754 1894 oppido
2794 1833 3017 1892 paucos

1103 1910 1390 1973 traditur:
1442 1931 1577 1972 cum
1623 1910 1701 1971 de
1748 1910 2031 1972 Romana
2073 1910 2261 1972 classe
2304 1919 2444 1971 octo
2486 1909 2675 1970 millia
2714 1909 3016 1969 hominum

1105 2027 1282 2080 caesa,
1308 2016 1486 2088 capta
1520 2007 1712 2068 millia
1751 2007 1958 2087 viginti
1997 2007 2342 2068 referantur.
2429 2005 2557 2067 Sub
2592 2006 2749 2067 idem
2785 2014 3019 2088 tempus

1104 2104 1286 2164 etiam
1327 2124 1366 2165 a
1407 2103 1712 2164 Panormo
1758 2125 1937 2165 naves
1962 2103 2251 2164 frumento
2276 2112 2519 2164 onustas
2543 2122 2787 2184 rapuere
2815 2102 3017 2176 Poeni,

1108 2201 1572 2283 Drepanumque
1617 2223 1905 2272 avexere;
1956 2212 2018 2263 et
2048 2201 2300 2262 vicissim
2326 2222 2404 2262 ex
2432 2222 2571 2281 agro
2602 2200 3015 2283 Drepanitano

1102 2309 1462 2360 commeatus
1504 2298 1837 2380 Lilybaeum
1870 2300 2273 2381 importantes,
2301 2299 2462 2358 omni
2493 2318 2701 2376 genere
2729 2300 3015 2360 bonorum

1100 2395 1366 2456 obsessos
1405 2394 1567 2475 large
1611 2396 1957 2458 refecerunt.
2043 2395 2265 2476 Neque
2302 2397 2399 2456 hie
2430 2396 2689 2456 substitit
2715 2398 2847 2475 ejus
2873 2397 3014 2456 anni

1101 2490 1359 2567 fortuna,
1408 2492 1549 2572 quin
1599 2492 1717 2552 alio
1763 2509 1996 2574 quoque
2048 2513 2263 2572 magno
2313 2491 2681 2556 incommodo
2729 2501 3017 2554 mactaret

1103 2587 1434 2661 Romanos,
1463 2609 1572 2651 nee
1598 2591 1957 2671 possessione
1994 2589 2171 2651 modo
2196 2590 2392 2661 maris,
2420 2588 2523 2653 sed
2550 2589 2733 2653 etiam
2757 2609 2862 2671 spe
2904 2611 3007 2672 po-

1105 2688 1292 2769 tiundi
1319 2688 1661 2771 depelleret.

1183 2792 1284 2847 23.
1328 2784 1506 2846 Alter
1546 2787 1701 2847 enim
1743 2785 1944 2848 consul
1984 2787 2055 2847 L.
2078 2784 2299 2848 Junius
2320 2807 2458 2847 cum
2482 2786 2764 2846 onerariis
2787 2785 3012 2857 multis,

1101 2882 1313 2964 quibus
1352 2902 1645 2945 annonam
1689 2883 1767 2943 ad
1804 2884 2130 2945 exercitum
2157 2882 2434 2955 deferret,
2462 2884 2837 2963 rosh-atisque
2876 2902 3012 2943 sex-

1100 2980 1302 3058 aginta
1325 2997 1404 3038 ex
1432 2976 1618 3044 Italia
1642 2979 1959 3061 profectus,
1988 2981 2091 3043 ubi
2119 2978 2456 3041 Messanam
2494 2980 2745 3061 appulit,
2772 2980 3015 3041 obviam

1100 3074 1346 3134 aliarum
1388 3076 1627 3136 navium
1671 3076 2105 3137 multitudinem
2147 3076 2375 3147 habuit,
2405 3096 2538 3157 quae
2582 3086 2706 3137 tum
2736 3077 2814 3135 ab
2835 3095 3014 3137 exer·

1098 3171 1243 3243 citu,
1271 3179 1396 3232 tum
1438 3172 1570 3232 aliis
1607 3172 1833 3233 Siciliae
1862 3174 2127 3254 partibus
2151 3194 2223 3233 eo
2250 3183 2663 3233 convenerant.
2750 3173 2875 3233 His
2912 3194 3012 3235 as-

1097 3268 1325 3341 sumtis,
1367 3278 1431 3329 et
1473 3270 1662 3331 classe
1710 3269 1873 3331 facta
1912 3270 2148 3330 navium
2198 3269 2501 3349 longarum
2544 3286 2709 3329 cxx.
2754 3272 3013 3330 onerari-

1097 3384 1264 3425 arum
1291 3385 1473 3446 prope
1505 3382 1700 3427 Dccc.
1767 3365 2089 3447 Syracusas
2110 3366 2465 3446 provehitur.
2534 3366 2675 3433 Quo
2701 3375 3013 3447 postquam

1095 3464 1284 3533 venit,
1326 3464 1715 3543 quaestoribus
1758 3472 1983 3544 partem
2027 3462 2261 3523 navium
2309 3461 2641 3542 Lilybaeum
2677 3461 3011 3524 ducendam

1096 3557 1314 3619 tradit:
1358 3559 1482 3640 ipse
1509 3560 1772 3620 subsistit
1792 3559 2121 3641 Syracusis,
2144 3568 2465 3639 expectans
2485 3579 2585 3617 eos
2605 3560 2706 3639 qui
2730 3558 3013 3621 Messana

1096 3654 1563 3735 proficiscentem
1609 3658 1891 3737 consequi
1942 3677 2058 3716 non
2110 3662 2441 3737 potuerant,
2490 3654 2663 3715 simul
2714 3676 3011 3719 annonam

1094 3764 1333 3831 cogens,
1376 3773 1557 3833 quam
1597 3773 1677 3813 ex
1720 3752 1864 3813 locis
1908 3752 2349 3813 mediterraneis
2396 3752 2540 3811 socii
2582 3754 3008 3815 subvehebant.

1098 3846 1343 3907 Interim
1389 3848 1705 3909 Adherbal
1758 3850 1945 3909 missis
1991 3848 2409 3929 Carthaginem
2458 3850 2709 3909 navibus
2756 3849 3009 3913 homini-

1095 3945 1320 4026 busque
1360 3946 1634 4025 captivis,
1663 3944 1897 4006 fortuna
1940 3944 2241 4025 gloriaque
2284 3945 2361 4005 ad
2403 3966 2495 4005 res
2535 3945 2819 4025 gerendas
2861 3950 3009 4009 inci-

1097 4049 1282 4112 tante,
1311 4041 1685 4113 Carthaloni,
1714 4044 1817 4124 qui
1843 4062 1977 4102 suas
2001 4042 2371 4123 septuaginta
2398 4062 2578 4103 naves
2596 4063 2735 4103 cum
2762 4044 3011 4106 totidem

1096 4137 1277 4199 fenne
1303 4140 1582 4200 onerariis
1606 4160 1685 4201 ex
1710 4138 1925 4201 Africa
1946 4137 2298 4210 adduxerat,
2320 4138 2561 4217 triginta
2582 4139 2731 4203 alias
2750 4140 3007 4215 addidit,

1097 4236 1367 4316 misitque
1410 4237 1704 4299 hominem
1731 4234 1809 4296 ad
1834 4257 2013 4297 naves
2040 4234 2452 4296 Romanorum
2476 4256 2610 4317 quae
2638 4238 2696 4295 in
2724 4247 2897 4319 portu
2926 4239 3006 4305 ad

1097 4332 1431 4417 Lilybaeum
1458 4335 1696 4397 stabant
1720 4331 2165 4406 abstrahendus,
2194 4342 2298 4395 aut
2327 4333 2799 4421 corrumpendas.
2888 4334 3004 4397 Ille
