3300 5225
2326 475 2500 544 1935

302 637 389 704 de
418 639 683 721 integro
698 655 911 702 rerum
928 635 949 674 ¹
971 636 1261 720 perculit
1290 657 1443 701 eum
1474 636 1932 722 praefectorum
1959 636 2230 719 navium
2261 638 2501 702 transi-

300 743 425 818 tio,
455 741 601 826 qui,
632 745 787 824 post
838 739 1129 804 classem
1182 739 1269 804 ad
1318 741 1579 805 Iberum
1627 761 1749 825 per
1798 759 2120 824 pavorem
2166 739 2502 806 desertam

300 846 593 924 gravi-ter
638 843 973 928 increpiti,
1005 861 1345 925 uunquam
1391 841 1629 908 deinde
1675 842 1843 907 satis
1872 842 1990 907 fidi
2029 846 2146 906 aut
2185 841 2342 906 duci
2383 847 2502 908 aut

300 945 951 1028 Carthaginiensium
1008 946 1203 1011 rebus
1259 946 1537 1011 fueraut.
1627 945 1958 1011 Fecerant
2007 944 2076 1009 bi
2135 943 2498 1028 transfugoe

298 1055 555 1114 motum
586 1049 655 1112 iu
692 1046 1163 1132 Carpesiorum
1184 1048 1209 1086 ⁸
1243 1057 1483 1130 gente,r
1512 1049 2062 1134 desciverantque
2091 1047 2179 1111 iis
2207 1049 2500 1112 auctori-

297 1153 431 1216 bus
462 1153 669 1216 urbes
700 1153 1001 1234 aliquot:
1048 1171 1187 1215 una
1213 1153 1418 1216 etiam
1449 1152 1537 1217 ab
1568 1152 1743 1235 ipsis
1773 1153 1842 1216 vi
1869 1157 2072 1234 capta
2101 1151 2338 1216 suerat.
2412 1149 2500 1214 In

296 1273 453 1320 eam
498 1261 757 1338 gentem
797 1273 1057 1319 versum
1109 1255 1195 1317 ab
1244 1253 1574 1319 Romanis
1619 1255 1862 1319 bellum
1915 1262 2062 1334 est;
2112 1253 2500 1337 infestoque

293 1360 597 1423 exercitu
641 1357 1035 1424 Hasdrubal
1076 1357 1417 1438 ingressus
1466 1377 1696 1441 agrum
1743 1357 2055 1435 hostium,
2103 1376 2224 1440 pro
2273 1365 2497 1438 captae

292 1467 451 1525 ante
482 1460 631 1525 dies
658 1479 921 1545 paucos
952 1460 1140 1525 urbis
1166 1459 1527 1539 moenibus,
1553 1459 1938 1538 Chalbum,⁹
1959 1468 1980 1496 ⁸
2009 1461 2302 1526 nobilem
2333 1459 2500 1524 Car·

290 1564 629 1648 pesiorum
674 1563 931 1640 ducem,
962 1581 1119 1627 cum
1148 1562 1381 1627 valido
1434 1564 1730 1630 exercitu
1759 1563 2032 1628 'castris
2073 1581 2230 1628 sese
2274 1569 2500 1626 tenen-

292 1673 509 1744 tem,¹⁰
536 1665 804 1750 aggredi
834 1667 1091 1731 statuit.
1181 1665 1549 1732 Praemissa
1576 1666 1781 1746 igitur
1804 1664 1937 1730 levi
1953 1672 2316 1745 armatura,
2341 1685 2499 1749 quae

292 1768 569 1834 eliceret
609 1769 843 1834 hostes
890 1769 979 1834 ad
1008 1773 1427 1846 certamen,¹¹
1460 1769 1756 1852 peditum
1789 1775 2042 1853 partem
2075 1768 2162 1834 ad
2195 1767 2499 1852 depopu-

289 1871 571 1936 landum
618 1890 736 1954 per
782 1891 980 1954 agros
1026 1872 1282 1956 passim
1327 1871 1600 1948 dimisit,
1631 1877 1708 1936 ut
1736 1872 2049 1956 palantes
2077 1871 2496 1956 exciperent.

290 1973 511 2038 Simul
556 1979 623 2038 et
652 1974 739 2039 ad
786 1980 1011 2039 castra
1060 1976 1383 2039 tumultus
1424 1974 1609 2052 erat,‘
1636 1978 1706 2038 et
1741 1995 1860 2058 per
1887 1994 2084 2058 agros
2113 1975 2398 2061 fugaque
2427 1979 2500 2040 et

290 2076 559 2158 caedes3
608 2075 847 2140 deinde
868 2075 1163 2159 undique
1190 2075 1479 2142 diversis
1504 2075 1854 2141 itineribus
1884 2096 2036 2142 cum
2068 2079 2132 2142 iu
2165 2085 2390 2143 castra
2418 2097 2498 2142 se

284 2179 729 2263 recepissent,
760 2177 934 2244 adeo
962 2184 1235 2262 repente
1268 2177 1569 2244 decessit
1599 2180 1840 2244 animis
1879 2197 2119 2264 pavor,
2151 2185 2376 2246 utnon
2407 2179 2498 2246 ad

1012 491 1155 540 ms.
1203 489 1447 540 xxm.
1496 490 1660 540 cu.
1701 473 1810 566 26.

322 2377 374 2492 e:
388 2379 775 2494 effice-‘crudescente
796 2381 849 2429 in
876 2379 1115 2444 Hispania
1134 2379 1273 2444 bello,
1291 2396 1399 2432 cam
1418 2382 1478 2430 de
1498 2395 1619 2431 aoso
1634 2380 1809 2442 παύση·
1829 2381 1880 2430 vi
1898 2385 2038 2444 utque
2059 2381 2238 2445 impetu
2250 2381 2494 2444 agitanda

293 2459 323 2492 r
546 2480 561 2496 .

1209 2541 1238 2560 O

280 2672 402 2735 ptos
423 2673 519 2723 pro
540 2660 691 2723 quoad
712 2660 773 2737 in·
788 2659 920 2709 Edu.
944 2666 1063 2709 aute
1087 2659 1242 2710 Crev.
1266 2659 1457 2719 legitur
1480 2659 1678 2709 συί-8
1709 2660 1726 2687 ⁴
1741 2659 1824 2709 Ita
1856 2658 1992 2737 ΕΜ.
2031 2657 2269 2721 Mogunt.
2293 2656 2414 2708 ΑΜ.
2435 2664 2494 2709 et

278 2722 991 2855 2¹:⁶5..².¹1·....⁸52:¹..5;;.'}¹.'5...²5¹
998 2724 2010 2855 dfi:;.?.¹.tt·0f‘{5.f;¹'3:1.i⁰.t‘fflm
2033 2724 2494 2841 225..3'.:2‘.⁶:.¹23331

1280 2921 1327 2972 N
1339 2920 1503 2973 01·AE

340 3026 363 3052 ¹·
398 3016 461 3066 In
507 3018 841 3081 Carpesiorum
876 3019 1044 3085 gente]
1091 3020 1343 3085 Polybius
1423 3035 1591 3070 nerea
1637 3020 1773 3069 uude
1817 3032 1916 3069 uon
1963 3032 2102 3081 egre
2140 3016 2391 3082 adducar,
2433 3024 2496 3069 ut
2561 3078 2574 3091 .

278 3094 561 3159 Carpesios
576 3095 710 3145 dixit
730 3110 823 3160 pro
840 3097 1147 3161 Carpetania
1162 3116 1177 3159 3
1200 3110 1343 3145 aum·
1427 3099 1758 3163 Cas-pedorum
1773 3098 1945 3162 potius
1959 3097 2230 3160 retineam,
2241 3096 2351 3145 sive
2365 3096 2494 3146 Car-

276 3187 381 3239 que
404 3174 557 3237 sequi
579 3176 751 3237 potuit
770 3174 960 3224 Livius.
1041 3175 1145 3224 Sed
1165 3175 1342 3225 melio-

276 3262 366 3298 res
398 3250 607 3299 codices
646 3250 840 3299 babent
867 3250 1239 3311 carchesiorum,
1260 3252 1343 3301 vel

281 3326 653 3386 Tar-emiorum,
688 3341 905 3391 quorum
946 3327 1069 3377 urbs
1112 3329 1342 3381 Carteia.

274 3404 367 3453 De
390 3404 623 3467 utrisque
635 3404 747 3467 jam
771 3403 989 3455 dictum.
1056 3404 1125 3455 Et
1149 3405 1343 3469 Carpe·

274 3480 385 3530 tani
410 3479 641 3545 quidem,
664 3494 880 3544 quorum
905 3488 1063 3543 ceput
1083 3481 1345 3545 Toletum,

274 3556 439 3606 Ibero
463 3556 752 3621 propiores,
776 3571 808 3606 a
843 3571 945 3622 quo
968 3558 1101 3607 haud
1124 3559 1343 3609 multum

272 3632 543 3683 exercitus
564 3641 668 3681 tam
690 3632 1035 3683 Romanorum
1056 3648 1205 3697 quem
1222 3634 1343 3685 Poe·

274 3722 465 3757 norum
486 3706 715 3759 abfuisse
750 3708 939 3759 suadet
960 3708 1201 3760 Auctoris
1224 3724 1341 3760 uar-

270 3786 427 3837 ratio.
496 3786 567 3836 Et
602 3786 804 3849 lougius
834 3802 865 3835 a
888 3786 1137 3836 Romanis
1158 3786 1342 3838 dissita

270 3862 508 3920 Carteia,
548 3862 993 3927 intermediusque
1041 3863 1341 3915 Hasdrubal

270 3941 409 3991 verti
434 3940 489 3989 in
511 3954 627 3990 eam
650 3946 851 4004 partem
874 3940 1065 3991 bellum
1092 3956 1123 3990 a
1156 3940 1342 3992 Rorna-

270 4020 355 4069 nis
376 4031 481 4068 non
504 4016 659 4068 faciie
680 4016 883 4081 sinebat
904 4034 919 4066 z
946 4032 1045 4067 nec
1062 4024 1205 4067 tants
1223 4026 1342 4068 erat

266 4093 649 4145 Tartessiorum
682 4108 832 4158 gens,
870 4094 959 4158 qui
996 4107 1113 4157 pars
1135 4094 1342 4145 Turde·

270 4179 513 4222 tanorum
553 4170 663 4220 sive
705 4170 981 4228 Olcadum,
1013 4172 1344 4237 quemadmo-

272 4247 397 4298 dum
426 4262 515 4297 eos
538 4247 734 4297 Noster
756 4247 993 4311 appellet
1020 4248 1111 4298 lib.
1137 4260 1257 4298 xxr.
1282 4257 1342 4300 ut

276 4338 343 4374 ex
376 4338 442 4374 ea
462 4322 639 4387 plures
663 4336 694 4372 a
717 4321 1231 4387 Carthaginiensibus
1255 4338 1341 4373 ur-

268 4404 361 4455 bes
384 4400 615 4451 deiicere
638 4408 875 4467 possent,
894 4400 1012 4453 alie
1034 4402 1088 4452 in
1110 4400 1215 4453 tide
1238 4415 1341 4452 ma·

1423 3185 1751 3239 petsnornm,
1781 3174 1951 3237 gentis
1984 3174 2296 3239 potentioris
2331 3173 2492 3237 pluri-

1424 3251 1621 3318 busque
1638 3251 1845 3319 oppidis
1862 3251 2174 3317 frequentis,
2197 3264 2348 3315 quam
2372 3252 2496 3301 Tur·

1424 3332 1700 3381 tensior-tun:
1751 3330 1844 3380 nisi
1883 3330 2166 3379 sansonem
2199 3328 2346 3393 sequi
2379 3329 2492 3393 pla·

1424 3414 1564 3469 cest,
1585 3406 1722 3470 apud
1754 3420 1906 3471 quem
1931 3406 1982 3454 in
2002 3405 2201 3455 Tabula
2221 3404 2490 3469 Hispania

1425 3484 1617 3533 veteris
1650 3489 1666 3512 ⁸
1691 3483 1904 3534 Carteia
1930 3480 2222 3540 Olcadum:
2243 3492 2490 3547 tunquam

1423 3561 1577 3624 longe
1601 3559 1811 3610 diversa
1833 3560 1900 3609 sb
1923 3574 1990 3609 ea
2020 3573 2170 3622 quam
2209 3558 2262 3608 in
2285 3558 2492 3609 Bretica

1424 3638 1563 3701 apud
1597 3638 1884 3689 Tartessios
1925 3636 1990 3685 ad
2033 3634 2226 3685 fretum
2266 3635 2490 3685 Gadits·

1423 3729 1545 3764 num
1592 3728 1770 3764 omnes
1815 3720 2026 3772 norunt,
2065 3710 2314 3761 statuitur
2349 3712 2488 3761 iuter

1418 3791 1613 3855 Tagum
1655 3797 1710 3838 et
1743 3789 2024 3849 Valerium,
2049 3787 2138 3837 nbi
2173 3801 2312 3837 nunc
2351 3788 2490 3837 Hor-

1420 3868 1608 3928 eqiadn,
1638 3868 1693 3915 ni
1720 3865 1892 3924 failor,
1914 3866 1964 3914 in
1988 3864 2398 3928 Carpetanorum
2431 3870 2490 3915 et

1423 3943 1801 3994 Celtiberorum
1825 3940 2068 3992 confinio.

1492 4027 1513 4053 ⁸
1541 4018 1774 4068 Chalbum
1815 4015 2073 4082 [Galbam]
2107 4015 2312 4081 Optimi
2339 4016 2484 4067 cm-

1421 4096 1546 4145 bum.

1486 4174 1503 4205 ⁸
1534 4174 1606 4221 Et
1628 4173 1692 4221 nd
1712 4176 1868 4221 mm
1890 4168 2118 4219 tumtun
2133 4168 2264 4235 erut]
2300 4170 2486 4221 Castra

1420 4249 1672 4315 inteliige,
1727 4248 2078 4313 Hispsnoruru
2125 4248 2214 4311 qui
2267 4245 2480 4299 defece·

1420 4331 1555 4374 rant.
