3300 5225
1176 424 1319 471 mu.
1370 420 1577 471 xxti.
2308 407 2481 474 1767

324 566 527 628 pateris
551 564 742 622 aureis,
764 578 795 615 e
817 562 1005 631 quibus
1028 579 1131 615 uua
1166 571 1369 616 tantum
1392 579 1559 631 eaque
1582 564 1830 631 ponderis
1848 564 2042 616 minimi
2067 580 2100 616 a
2135 574 2320 617 senatu
2340 567 2479 618 acei-

325 648 491 709 pitur.
558 650 642 697 32.
671 647 986 711 speculator
1018 646 1211 696 Poenus
1250 646 1433 697 Romae
1473 645 1897 710 deprehenditur,
1921 656 1976 697 et
2007 648 2166 705 servi,
2186 648 2274 713 qui
2297 648 2482 712 conju-

324 735 594 792 raverant,
613 728 669 779 iu
692 742 901 779 crucem
924 735 1169 793 agimtur.
1236 729 1423 794 Legati
1449 730 1729 780 mittuntur
1754 728 1819 778 ad
1845 729 2164 794 Philippum,
2180 729 2268 795 qui
2293 730 2480 793 depos-

321 816 449 859 cant
474 810 801 861 Demetrium
828 809 1091 873 Pharium,
1111 810 1177 859 ad
1206 810 1441 875 Ligures.
1476 812 1754 861 Poeuorum
1793 812 1978 875 socios,
2001 818 2056 862 et
2091 811 2142 860 iu
2177 810 2384 875 illyrios
2410 810 2478 860 ad

314 890 635 955 stipendium
664 906 697 941 a
718 890 883 941 Piueo
909 905 1031 956 rege
1054 892 1435 955 postuiandum.
1498 890 1656 943 AEdes
1682 892 2013 956 Concordiae,
2036 892 2246 943 biennio
2283 901 2406 943 ante
2441 908 2474 943 a

318 974 379 1023 1..
401 973 609 1024 Manlio
633 981 777 1037 vota,
797 972 848 1023 in
869 987 989 1023 arce
1012 970 1257 1023 facienda
1292 974 1515 1037 locatur,
1544 972 1976 1040 comitiorumque
2007 974 2349 1025 consularium
2385 974 2477 1025 ha·

316 1054 611 1105 benderu-
652 1069 807 1106 causa
840 1054 1034 1104 dicitur
1068 1054 1315 1118 dictator,
1342 1070 1408 1105 eo
1440 1063 1614 1105 autem
1653 1056 1779 1105 vitio
1813 1063 2012 1118 creato,
2031 1056 2320 1121 interreges
2355 1070 2476 1121 pro-

314 1135 537 1186 duntur.
602 1140 685 1186 84.
720 1137 778 1186 C.
809 1136 1083 1186 Terentius
1104 1135 1270 1186 Varro
1312 1137 1448 1201 petit
1490 1137 1834 1199 consulatum,
1867 1145 2224 1203 cognatusque
2247 1140 2382 1203 ejus,
2405 1138 2473 1191 Q.

312 1217 531 1268 Baebius
554 1217 849 1269 Herennius
871 1218 991 1269 trib.
1015 1219 1089 1283 pl.
1109 1217 1305 1269 acerba
1321 1218 1556 1270 oratioue
1577 1219 1630 1269 iu
1648 1226 1910 1277 senatum,
1926 1233 2167 1285 augures,
2187 1234 2249 1270 ac
2275 1219 2474 1271 nobiles

323 1298 615 1351 invehitur.

254 1384 332 1431 3⁵.
384 1380 449 1431 C.
486 1380 767 1433 Terentius
807 1383 973 1433 Varro
1010 1389 1066 1434 et
1104 1384 1167 1434 1..
1209 1384 1443 1435 AEmilius
1480 1383 1696 1433 Paullus
1729 1398 1793 1435 ιι.
1834 1384 2074 1435 eonsules
2107 1391 2375 1441 creantur,
2407 1398 2470 1435 ac
2517 1370 2522 1373 ¹

317 1464 571 1526 pretoria
602 1464 866 1515 habentur
897 1464 1129 1515 comitia.
1194 1470 1276 1517 86.
1312 1467 1580 1517 Numerus
1604 1476 1660 1517 et
1683 1468 1940 1532 legionum
1965 1474 2024 1518 et
2047 1467 2269 1517 militum
2292 1466 2344 1515 in
2368 1467 2471 1517 illis

314 1552 567 1607 augetur.
632 1545 885 1610 Prodigia
913 1547 1223 1598 nuntiantur
1246 1556 1699 1612 procurautnrque
1719 1562 1784 1597 ex
1807 1548 1952 1599 libris
1975 1548 2258 1613 Sibyllinis.
2327 1547 2474 1598 Paes·

316 1626 427 1676 tani
456 1631 668 1690 pateras
690 1640 878 1677 aureas
900 1627 1140 1691 mittunt,
1166 1637 1225 1679 ut
1250 1629 1404 1693 paulo
1426 1636 1547 1680 ante
1584 1629 1940 1695 Neapolitani.
2005 1634 2088 1681 8¹1.
2125 1629 2318 1680 Classis
2343 1628 2472 1679 Hie-

315 1707 458 1759 ronis
492 1721 612 1759 cum
650 1724 835 1772 magno
872 1717 1187 1773 commeatu,
1226 1725 1386 1761 aurea
1408 1710 1666 1768 Victoria,
1700 1710 1986 1776 sagittariis
2023 1726 2087 1762 ac
2123 1710 2470 1761 funditoribus

312 1790 527 1840 accedit
572 1789 807 1841 Ostiam:
865 1798 923 1841 et
960 1790 1029 1841 ad
1067 1793 1285 1842 classem
1315 1794 1375 1844 Τ.
1412 1792 1629 1844 Otacilii
1665 1794 2000 1857 propretoris
2035 1794 2086 1843 iu
2119 1792 2300 1843 Sicilia
2332 1805 2468 1843 xxv,

310 1872 717 1937 quinqueremes
757 1872 1035 1925 adduntur.
1103 1879 1184 1925 ³8.
1219 1876 1423 1927 Milites
1454 1890 1555 1926 non
1590 1882 1939 1940 sacramento,
1960 1874 2050 1924 sed
2085 1889 2222 1925 nunc
2247 1874 2467 1939 primum

296 1954 423 2019 jure
438 1954 673 2019 jurando
696 1956 997 2021 adiguntur.
1061 1958 1350 2008 Conciones
1374 1958 1660 2015 consulum,
1687 1958 1862 2007 multae
1888 1971 1948 2006 ac
1970 1955 2177 2007 feroces
2195 1955 2467 2013 Varronis,

310 2036 567 2099 veriores,
584 2051 737 2102 quam
763 2038 955 2102 populo
978 2038 1227 2103 gratiores
1248 2038 1435 2091 Paulli.
1469 2043 1551 2089 39.
1572 2037 1763 2089 Fabius
1789 2036 2206 2103 proficiscentem
2227 2036 2467 2085 Paullum

310 2118 617 2181 alloquitur.
703 2121 786 2169 40.
846 2120 953 2169 Hic
987 2120 1289 2185 respondet,
1334 2126 1387 2171 et
1431 2134 1549 2170 cum
1595 2119 1800 2183 collega
1839 2120 1904 2169 ad
1947 2126 2124 2169 castra
2167 2117 2461 2169 contendit.

312 2199 583 2251 Hannibal
605 2200 833 2252 adventu
858 2202 1127 2253 consulum
1153 2200 1280 2251 mire
1302 2200 1494 2266 gaudet
1516 2201 1585 2252 ob
1608 2201 1872 2266 angustias
1895 2206 2233 2263 commeatus,
2265 2199 2464 2249 discor-

308 2279 453 2331 diam
500 2281 712 2339 ducum,
759 2282 1114 2332 temeritatem
1150 2282 1366 2332 alterius
1410 2282 1635 2333 consulis
1679 2289 1736 2333 et
1780 2280 2169 2331 multitudinem
2218 2280 2464 2331 tironum.

310 2366 395 2413 41.
432 2362 786 2413 Pabulatores
805 2361 957 2413 Poeni
981 2362 1277 2427 ceduntur,
1298 2370 1351 2413 et
1376 2363 1664 2427 Hannibal,
1685 2362 1870 2413 castris
1890 2361 2104 2418 relictis,
2125 2361 2314 2411 milites
2343 2374 2465 2411 suos

307 2444 755 2507 trans.proximos
800 2452 1027 2505 montes,
1062 2443 1179 2494 loco
1217 2443 1415 2493 insidiis
1457 2451 1605 2509 apto,
1641 2444 1844 2506 condit,
1879 2457 2226 2507 oppressurus
2268 2442 2465 2510 hostes,

312 2524 625 2588 diripiendis
657 2525 840 2574 castris
874 2530 1178 2590 occupatos.
1242 2529 1325 2574 42.
1360 2524 1654 2576 Solitudiue
1687 2525 1760 2575 ibi
1793 2525 1920 2576 satis
1953 2530 2242 2589 comperta,
2273 2523 2465 2575 milites

316 2616 373 2657 et
396 2606 582 2656 consul
616 2606 751 2657 alter
784 2606 933 2672 sigua
956 2603 1174 2670 proferri
1197 2606 1408 2672 jubent.
1475 2607 1581 2658 Hic
1606 2615 1778 2658 tamen
1801 2606 1984 2658 nuntio
2005 2606 2128 2657 mali
2151 2605 2388 2672 euspicii,
2408 2611 2466 2657 et

314 2689 417 2748 illi,
451 2689 672 2753 imperio
706 2689 897 2741 ducum
931 2689 1065 2740 haud
1102 2697 1367 2754 parentes,
1399 2689 1628 2741 adventu
1675 2686 2024 2755 perfugarum,
2056 2688 2147 2754 qui
2189 2689 2366 2738 hostes
2408 2687 2463 2738 in

310 2770 515 2820 insidiis
548 2772 733 2821 sedere
766 2771 1028 2836 nuntiant,
1060 2771 1125 2823 ad
1160 2773 1385 2822 reditum
1419 2773 1820 2837 compelluntur.
1882 2775 1966 2821 43.
2001 2769 2088 2821 Ob
2111 2769 2335 2834 inopiam
2357 2767 2462 2822 fru-

313 2853 479 2903 menti
502 2853 698 2903 milites
718 2854 1023 2904 mercenarii
1046 2855 1353 2905 Hannibalis
1368 2855 1480 2920 jam
1503 2854 1569 2905 de
1596 2853 1908 2904 transitione
1928 2853 2150 2916 agitant,
2181 2861 2236 2901 et
2258 2853 2372 2916 ipse
2393 2851 2462 2902 de

304 2931 439 3000 fuga
475 2933 531 2983 in
566 2935 809 2986 Galliam.
871 2937 1103 3002 Longius
1126 2937 1303 3002 itaque
1337 2938 1539 2988 recedit
1559 2937 1623 2987 ab
1648 2938 1795 2987 hoste
1817 2935 1945 2986 etin
1971 2935 2084 2985 loca
2109 2932 2316 2998 Apuliae
2340 2933 2466 2982 cali·

309 3015 463 3068 diora
498 3032 665 3082 eoque
698 3019 981 3070 maturiora
1014 3019 1283 3070 messibus.
1352 3019 1710 3086 Insequuutur
1743 3033 1860 3068 eum
1897 3014 2136 3080 Romani,
2159 3012 2460 3078 refragante

308 3097 525 3163 Paullo,
550 3099 719 3152 donec
757 3101 902 3151 venit
941 3101 1164 3159 Cannas,
1201 3100 1287 3151 ubi
1329 3108 1505 3152 castra
1538 3102 1686 3165 ponit
1719 3113 1898 3150 aversa
1935 3113 1966 3148 a
1989 3097 2253 3147 Vulturno
2284 3099 2460 3144 vento.

310 3183 401 3230 44.
440 3179 643 3232 Ibidem
677 3184 913 3234 consules
948 3183 1071 3234 bina
1103 3189 1281 3233 castra
1302 3181 1658 3233 communiunt
1679 3182 1743 3232 ad
1778 3188 2056 3245 utramque
2088 3176 2266 3229 Aufidi
2293 3175 2456 3226 amuis

302 3268 497 3330 ripam,
539 3279 635 3316 nec
668 3266 939 3332 quisquam
974 3264 1242 3316 detrectat
1278 3278 1505 3330 pugnam
1539 3273 1732 3329 praeter
1768 3264 2029 3314 Paullum.
2091 3266 2177 3312 45.
2215 3258 2457 3310 Numida

304 3345 503 3412 fugant
526 3353 803 3412 aquatores
824 3347 1105 3404 Romanos,
1127 3353 1183 3396 et
1205 3346 1373 3397 Varro
1400 3345 1720 3410 indignatur,
1741 3346 1996 3409 collegam
2018 3357 2051 3393 a
2073 3340 2255 3409 praelio
2277 3340 2459 3390 abhor-

311 3442 453 3478 rere.
524 3425 747 3478 Postero
761 3434 934 3478 autem
954 3427 1058 3490 die,
1072 3441 1173 3492 quo
1192 3439 1353 3491 penes
1376 3440 1491 3476 eum
1506 3441 1703 3476 summa
1725 3433 1805 3476 est
1823 3424 2044 3490 imperii,
2063 3423 2240 3488 copias
2263 3419 2457 3472 flumen

306 3509 548 3559 traducit
564 3517 621 3559 et
638 3509 799 3560 aciem
823 3510 1049 3559 iustruit.
1116 3513 1197 3560 46.
1234 3507 1383 3558 Idem
1402 3506 1529 3559 facit
1552 3506 1835 3564 Hannibal,
1850 3514 1904 3557 et
1924 3507 1998 3557 sol
2020 3505 2224 3571 quidem
2244 3503 2458 3570 utrique

303 3591 448 3656 parti
470 3590 710 3656 obliquus
750 3597 851 3654 est,
884 3590 975 3641 sed
1014 3597 1220 3653 ventus,
1254 3589 1499 3640 Romanis
1534 3589 1802 3651 adversus,
1824 3587 2038 3652 pulvere
2077 3601 2166 3637 eos
2202 3585 2457 3636 obcaecat.

302 3675 387 3723 47.
424 3670 588 3722 Initio
631 3685 817 3736 puguae
856 3671 907 3720 iu
944 3670 1135 3721 dextro
1173 3684 1333 3721 cornu
1375 3670 1526 3722 Rom.
1568 3670 1840 3733 pelluntur·
1863 3669 2090 3735 equites,
2122 3667 2454 3732 peditesque,

302 3755 521 3804 incaute
546 3754 597 3803 in
634 3753 858 3803 medium
890 3755 1176 3811 irruentes,
1196 3753 1261 3803 ab
1281 3751 1425 3803 Afris
1447 3750 1779 3804 clauduntur.
1843 3755 1927 3804 48.
1963 3749 2026 3800 In
2057 3749 2264 3800 sinistro
2289 3763 2454 3799 cornu

300 3850 359 3887 n.
400 3833 651 3887 Numidae
692 3835 758 3885 ad
799 3835 1055 3886 Romanos
1095 3833 1464 3900 transfugiunt,
1507 3841 1563 3883 et
1604 3833 1808 3898 recepti
1852 3848 1970 3883 mox
2006 3845 2236 3882 aversam
2274 3843 2454 3880 eorum

301 3917 473 3968 aciem
507 3916 839 3967 adoriuntur.
906 3916 1201 3966 Hasdrubal
1237 3925 1432 3973 autem,
1454 3916 1641 3966 dextro
1674 3930 1835 3965 cornu
1858 3912 2058 3978 fugato,
2083 3913 2240 3962 etiam
2264 3912 2452 3961 laevum

304 3999 566 4050 adoritur.
633 4003 716 4050 49.
744 3999 927 4049 Virtus
961 3997 1135 4049 Paulli
1157 4005 1212 4048 et
1242 4012 1401 4050 mors.
1468 3999 1611 4063 Fuga
1633 3997 1909 4062 cladesque
1935 3997 2300 4046 Romanorum.
2359 3996 2448 4042 ⁶0.

302 4081 391 4130 Ex
424 4079 711 4130 minoribus
742 4079 926 4131 castris
959 4081 1218 4144 sexcenti,
1250 4079 1493 4131 hortante
1516 4094 1577 4130 ac
1613 4079 1746 4130 duce
1773 4079 1836 4129 P.
1858 4074 2165 4141 Sempronio
2186 4073 2452 4125 Tuditano

298 4162 424 4212 trib.
446 4162 554 4213 mil.
578 4163 632 4212 in
657 4161 871 4227 majora,
904 4168 962 4212 et
993 4160 1117 4212 iude
1147 4175 1263 4212 cum
1299 4160 1477 4216 multis
1515 4161 1627 4211 aliis
1655 4159 1935 4211 Canusium
1973 4157 2294 4220 confugiunt.
2360 4157 2444 4205 51.

304 4241 596 4310 Hannibal,
630 4243 941 4294 Maharbale
970 4243 1168 4308 judice,
1200 4244 1415 4295 victoria
1456 4243 1532 4293 uti
1568 4241 1752 4293 nescit.
1820 4240 2044 4291 Postero
2076 4239 2162 4288 die
2189 4236 2351 4302 spolia
2372 4237 2448 4286 le·

300 4333 511 4389 guntur,
531 4333 591 4377 et
612 4332 811 4391 strages
832 4331 1123 4392 spectatur,
1140 4323 1449 4378 miserabilis
1470 4329 1525 4374 et
1548 4321 1690 4376 foeda
1711 4323 1871 4375 etiam
1891 4321 2147 4374 hostibus.
2195 4323 2278 4371 52.
2314 4319 2448 4372 Bina
