3300 5225
819 476 993 543 1⁷72
1753 495 1824 541 r.
1872 494 2064 544 mvn

816 656 939 703 eos
966 636 1117 703 dies
1148 638 1350 703 solito
1380 638 1595 721 magis
1624 638 2085 706 inundaverat.
2176 639 2528 725 Hispanos
2559 646 2628 707 ct
2655 638 2887 719 Afros,
2913 640 3016 727 (id

818 760 1020 806 omne
1044 742 1334 807 veterani
1355 749 1503 807 erat
1530 744 1733 808 robur
1763 746 2154 823 exercitus)
2171 752 2192 790 ³
2219 743 2544 809 admixtis
2567 746 2862 829 ipsorum
2893 745 3015 809 im-

816 842 1244 927 pedimentis,
1286 846 1529 911 necubi
1568 846 1940 912 consistere
1979 848 2241 913 coactis
2291 848 2674 913 necessaria
2723 848 2808 913 ad
2853 867 3019 913 usus

818 946 1151 1027 deessent,
1180 948 1431 1033 primos
1461 950 1555 1014 ire
1566 949 1819 1035 jussit:
1867 950 2064 1035 sequi
2085 948 2349 1027 Gallos,
2371 958 2444 1017 ut
2460 951 2529 1015 id
2561 952 2851 1035 agminis
2881 970 3020 1017 me-

816 1048 1001 1115 dium
1032 1057 1253 1117 esset:
1297 1052 1714 1118 novissimos
1761 1052 1856 1116 ire
1907 1053 2212 1137 equites:
2261 1052 2616 1135 Magonem
2657 1052 2814 1118 inde
2859 1073 3018 1118 cum

814 1152 1153 1237 expeditis
1182 1154 1499 1221 Numidis
1528 1174 1766 1240 cogere
1788 1174 2050 1238 agmen,
2093 1156 2387 1220 maxime
2415 1154 2687 1234 Gallos,
2715 1156 2775 1220 si
2809 1155 3018 1222 taedio

820 1254 1069 1322 laboris
1090 1258 1441 1343 longoeque
1469 1258 1603 1325 viae
1624 1258 1737 1345 (nt
1757 1265 1864 1325 est
1883 1259 2111 1325 mollis
2135 1258 2222 1323 ad
2243 1259 2407 1324 talia
2429 1256 2626 1343 gens)
2645 1259 3018 1325 dilaberen-

822 1366 931 1423 tur
951 1365 1065 1425 ant
1082 1362 1539 1440 subsisterent,
1564 1361 2016 1427 cohibentem.
2075 1361 2308 1438 Primi,
2328 1380 2466 1446 qna
2485 1361 2685 1428 modo
2709 1364 3020 1447 praeirent

818 1461 1030 1528 duces
1080 1482 1201 1546 per
1242 1463 1567 1548 praealtas
1616 1464 1803 1532 fluvii
1833 1483 1916 1530 ac
1945 1464 2312 1549 profundas
2365 1466 2739 1550 voragines,
2783 1465 3018 1530 hausti

816 1584 1013 1649 paene
1052 1566 1213 1632 limo
1257 1567 1855 1651 immergentesque
1895 1588 1994 1647 se,
2047 1576 2268 1632 tamen
2317 1568 2512 1651 signa
2551 1569 3016 1652 sequebantur.

818 1666 1001 1733 Galli
1021 1673 1054 1718 4
1093 1688 1314 1756 neque
1337 1680 1361 1729 t
1407 1671 1738 1735 sustinere
1769 1690 1846 1735 se
1877 1670 2200 1755 prolapsi,
2231 1690 2447 1755 neque
2478 1690 2831 1756 assurgere
2857 1681 2880 1721 ⁵
2925 1691 3018 1736 ex

821 1772 1250 1853 voraginibus
1292 1778 1647 1856 poterant3
1693 1780 1812 1839 ant
1841 1790 2128 1857 corpora
2151 1773 2422 1852 animiS,
2448 1790 2568 1837 aut
2595 1774 2863 1838 animos
2891 1794 3016 1860 spe

818 1875 1241 1941 sustinebant
1272 1897 1290 1942 z
1335 1876 1451 1942 alii
1472 1876 1656 1942 sessa
1673 1896 1846 1961 aegre
1863 1874 2198 1941 trahentes
2223 1876 2559 1956 membra3
2605 1876 2746 1955 alii,
2765 1877 2888 1942 ubi
2911 1896 3018 1943 se-

815 1976 954 2042 mel
986 1979 1184 2045 victis
1228 1978 1441 2045 taedio
1484 1979 1730 2045 animis
1782 1977 2320 2063 procubuissent,
2362 1978 2534 2043 inter
2573 1978 2906 2064 jumenta,
2957 1986 3023 2046 et

818 2081 979 2165 ipsa
989 2080 1292 2165 jacentia
1320 2082 1599 2167 passim,
1630 2082 2012 2148 morientes.
2072 2080 2514 2165 Maximeque
2535 2080 2829 2146 omnium
2847 2084 3018 2167 vig-i-

817 2182 932 2249 liae
951 2182 1412 2264 conficiebant,
1432 2205 1554 2271 per
1579 2184 2010 2272 quatriduum
2019 2184 2166 2269 jam
2184 2190 2256 2249 et
2273 2192 2412 2249 tres
2435 2192 2669 2249 noctes
2692 2184 3018 2253 toleratae.

818 2284 919 2351 Gn
931 2306 1020 2367 m,
1036 2289 1255 2353 omnia
1271 2290 1734 2355 obtinentibus
1754 2289 1974 2374 aquis,
1993 2286 2177 2365 nihil,
2196 2288 2316 2353 ubi
2335 2287 2404 2351 in
2429 2287 2622 2352 sicco
2645 2286 2832 2354 fessa
2849 2298 3018 2355 ster-

815 2396 1050 2457 nerent
1077 2410 1390 2478 corpora‚
1420 2393 1702 2458 inveniri
1721 2398 1983 2478 posset,
2005 2390 2365 2457 cumulatis
2396 2390 2466 2455 in
2489 2408 2708 2474 aquas
2731 2394 3017 2459 sarcinis

816 2492 1097 2579 insuper
1120 2494 1619 2562 incumbebant.
1709 2494 1756 2562 J
1759 2502 2180 2561 umentorum
2210 2494 2446 2560 itinere
2471 2499 2618 2559 toto
2650 2501 3018 2578 prostrato-

815 2616 959 2662 rum
988 2597 1247 2682 passim
1280 2598 1504 2665 acervi
1536 2605 1819 2678 tantum,
1839 2598 2020 2685 qnod
2043 2604 2310 2665 extaret
2339 2617 2538 2682 aqua,
2559 2599 3018 2682 quaerentibus

816 2699 903 2764 ad
962 2701 1257 2784 quietem
1322 2705 1518 2787 parvi
1566 2703 1885 2787 temporis
1931 2701 2389 2768 nec-essarium
2445 2699 2670 2765 cubile
2719 2700 3023 2767 dabant:

815 2803 981 2888 Ipse
1010 2803 1381 2885 Hannibal,
1406 2825 1587 2890 aeger
1628 2805 1850 2871 oculis
1893 2823 1984 2868 ex
2035 2822 2239 2868 verna
2287 2801 2568 2888 primum
2624 2802 3018 2888 intemperie

812 2905 1119 2972 variante
1148 2906 1416 2973 calores
1448 2907 1848 2992 frigoraque,
1890 2904 2272 2990 elephanto,
2303 2905 2424 2988 qui
2465 2923 2644 2970 unus
2673 2905 3022 2989 superfue-

882 3099 903 3126 θ
937 3091 1090 3151 Geni,
1110 3107 1216 3143 cum
1236 3099 1499 3157 quererent
1520 3095 1689 3151 locum,
1709 3093 1790 3144 ubi
1807 3094 1871 3143 ad
1891 3093 2026 3142 breve
2041 3097 2222 3156 ternpus
2243 3091 2548 3157 quiescerent,
2581 3090 2760 3141 cunuti
2781 3089 3023 3151 jumento-

815 3169 925 3205 rum
953 3159 1129 3220 passim
1151 3159 1425 3220 jacentium
1446 3174 1533 3225 per
1553 3159 1651 3210 iter
1669 3157 1810 3222 aquis
1827 3159 2110 3208 inundatum
2129 3158 2200 3207 eis
2220 3159 2550 3221 quodaenmodo
2575 3156 2850 3222 prabebant
2873 3157 3023 3206 vicem

814 3221 1005 3287 cubilis,
1027 3229 1258 3288 quatenus
1276 3226 1439 3290 aliqua
1456 3239 1617 3276 eorum
1634 3239 1750 3288 pars
1769 3238 1909 3289 super
1927 3237 2075 3288 aquas
2091 3221 2341 3274 eminebat.

1733 3347 2102 3372 ‘HM‘

818 3431 1006 3482 cadere
1020 3434 1071 3484 ln
1087 3435 1363 3488 Servilium
1378 3443 1555 3489 ettam
1574 3437 1922 3502 periculosum
1941 3433 2183 3499 tempus!
2203 3437 2498 3500 stirpem—8
2524 3445 2538 3470 ‘
2553 3437 2800 3502 Hispanos
2813 3433 3024 3496 cusm-

818 3499 899 3563 (id
920 3513 1054 3550 omne
1082 3502 1297 3552 veterani
1314 3508 1417 3553 erat
1440 3502 1581 3553 robur
1600 3500 1868 3566 exercitus)
1885 3510 1990 3553 cet.
2025 3501 2098 3551 ita
2131 3503 2326 3560 legitur
2358 3516 2496 3553 nunc
2527 3518 2593 3552 ex
2627 3501 2832 3552 emend.
2856 3501 3023 3553 Gron-

820 3569 876 3613 at
911 3563 965 3612 in
1001 3565 1133 3616 Edd.
1170 3575 1301 3619 antt.
1336 3568 1581 3634 Hispanos
1614 3575 1661 3619 et
1683 3568 1748 3619 A.
1770 3572 1816 3617 et
1851 3581 1984 3617 mne
2017 3567 2141 3630 quod
2177 3567 2392 3618 veterani
2427 3573 2533 3618 cet.
2559 3567 2716 3633 idque
2747 3566 2886 3618 forte
2919 3580 3022 3616 non

818 3629 1185 3691 spernendum,
1204 3631 1336 3698 (vel,
1358 3635 1479 3700 quis
1507 3631 1566 3681 τὸ
1586 3635 1710 3698 quod
1732 3649 1761 3682 a
1783 3633 1914 3683 Mes.
1939 3631 2108 3687 abest,
2131 3639 2184 3681 et
2204 3634 2328 3696 quod
2349 3641 2405 3683 et
2425 3638 2530 3683 erat
2549 3632 2874 3696 delendum‚)
2895 3645 3024 3696 quo-

818 3694 955 3744 niam
980 3695 1055 3746 sie
1081 3696 1255 3747 Livius
1276 3697 1341 3748 ab
1364 3696 1579 3748 verbum
1603 3698 1866 3762 expressit
1887 3696 2074 3760 Polyb.
2095 3710 2182 3747 ιιι.
2201 3701 2285 3747 79.
2307 3711 2385 3763 pr.
2409 3699 2506 3748 nisi
2531 3699 2707 3762 potius
2740 3698 2814 3747 ibi
2836 3695 2918 3747 καὶ
2939 3702 3025 3747 est

818 3761 1177 3824 exegeticnrn:
1215 3777 1333 3813 nam
1368 3763 1503 3814 iden·
1537 3763 1729 3829 Polyb.
1756 3778 1875 3812 mox
1911 3762 2048 3812 solos
2077 3771 2328 3820 memorat
2361 3762 2622 3829 Hispanos
2650 3771 2707 3814 et
2727 3762 2901 3820 Afros,
2923 3777 3024 3812 nec

821 3833 1018 3890 praeter
1046 3841 1135 3878 eos
1172 3828 1311 3878 aliud
1350 3834 1462 3879 erat
1488 3829 1631 3880 robur
1650 3826 1925 3878 exercitus.’
1959 3828 2277 3891 Rupere—4
2314 3826 2456 3879 Add.
2477 3829 2561 3892 qm·
2585 3830 2763 3880 Elzev.
2787 3828 3024 3878 Gronov.

818 3891 1133 3957 DonJat.—6
1168 3899 1183 3923 ⁶
1208 3893 1338 3946 Cum
1370 3895 1604 3947 Crevier.
1632 3893 1768 3946 forte
1798 3893 1904 3958 leg·
1922 3907 2070 3959 neque
2088 3892 2320 3944 asiam
2339 3909 2407 3951 se,
2425 3907 2573 3960 neque
2587 3894 2798 3960 prolapsi
2815 3891 2882 3944 a?
2917 3893 3024 3944 Ru·

1811 4009 2027 4064 NOTAE

817 4118 995 4170 agrum
1021 4105 1316 4170 Aretinum,
1349 4109 1687 4178 Florentiam,
1716 4115 1878 4177 atque
1958 4121 2078 4159 cum
2106 4105 2243 4157 absit
2266 4120 2297 4157 s
2322 4105 2450 4158 Mos.
2483 4112 2539 4156 et
2573 4104 2890 4157 editionibus
2913 4119 3024 4157 me-

820 4183 941 4234 inde
980 4182 1133 4235 Pisas
1167 4185 1437 4248 defen-tun
1480 4187 1599 4237 hinc
1642 4181 1696 4237 i'n
1737 4201 1878 4238 mare
1956 4183 2190 4250 lioribns,
2205 4183 2376 4235 delevi
2393 4197 2460 4234 ex
2475 4183 2723 4236 Gronovii
2739 4183 3022 4234 sententis.

816 4260 1040 4311 Tuscum
1064 4259 1313 4319 defluens,
1345 4270 1551 4313 retento
1584 4263 1753 4314 adbuc
1785 4278 1878 4314 no·
1955 4261 2022 4312 In
2055 4260 2392 4328 sequentibus
2414 4261 2543 4312 nibil
2563 4258 2899 4312 mutandum:
2935 4264 3022 4310 sut

820 4337 977 4398 mine,
994 4335 1146 4401 vulgo
1176 4338 1361 4390 l'Amo.
1955 4353 2150 4404 corpora
2188 4336 2322 4390 fessa
2357 4337 2549 4401 missis,
2579 4343 2666 4388 sut
2691 4337 2876 4387 mrim
2909 4337 3020 4386 lan-

888 4423 909 4468 t
948 4415 1272 4480 Collinaque]
1308 4417 1431 4468 Erat
1468 4417 1552 4480 qui
1585 4431 1753 4483 neque,
1787 4418 1876 4469 sed
1958 4425 2175 4484 gnentes
2195 4433 2279 4484 spe
2298 4417 2608 4469 accinebant.
2638 4415 2693 4469 J.
2713 4415 2966 4467 Clericus.
