3300 5225
1077 505 1224 555 mn.
1270 503 1500 554 xxiv.
1543 505 1710 557 cn.
1752 489 1875 572 16„
2389 491 2565 560 2013

361 651 756 728 Poenorum,
787 645 1034 715 deiude
1063 651 1255 733 signa
1279 650 1691 736 perturbata,
1718 658 2057 736 postremo
2090 657 2231 718 tota
2268 651 2565 736 impulsa

361 755 589 834 acies3
635 751 788 817 inde
825 752 1008 816 haud
1059 751 1264 817 dubie
1311 760 1496 837 terga
1541 751 1729 832 data,
1775 759 2093 838 ruuntque
2134 753 2452 838 fugientes
2496 755 2565 820 in

361 862 618 935 castra,
649 854 820 922 adeo
851 855 1082 940 pavidi
1122 856 1526 940 trepidique,
1555 863 1629 922 ut
1651 875 1741 922 ne
1784 859 1853 922 in
1896 858 2109 942 portis
2140 856 2411 942 quidem
2444 865 2564 922 aut

361 959 551 1024 vallo
579 959 936 1050 quisquam
973 959 1304 1036 restiterit,
1330 977 1412 1024 ac
1439 979 1650 1044 prope
1694 960 2069 1025 continenti
2114 961 2373 1042 agmine
2418 959 2563 1025 Ro-

359 1065 546 1128 mani
575 1063 889 1142 insecuti,
920 1081 1169 1126 novum
1209 1060 1294 1126 de
1325 1061 1578 1146 integro
1608 1065 1939 1147 praelium,
1968 1063 2221 1129 inclusi
2259 1063 2561 1130 hostium

357 1167 571 1243 vallo,
601 1165 960 1230 ediderint.
1030 1162 1168 1242 Ibi,
1199 1165 1378 1230 sicut
1407 1185 1630 1248 pugna
1654 1165 2077 1250 impeditior³
2108 1165 2561 1247 in'angustiis,

357 1267 460 1332 ita
507 1267 736 1332 caedes
785 1265 1078 1330 atrocior
1127 1264 1289 1331 fuit:
1351 1273 1421 1330 et
1471 1267 1789 1351 adJuvere
1836 1267 2114 1352 captivi,
2164 1267 2305 1352 qui,
2358 1277 2562 1350 rapto

357 1371 532 1435 inter
589 1370 951 1435 tumultum
997 1366 1199 1446 ferro,
1251 1368 1634 1450 conglobati
1688 1376 1759 1434 et
1802 1371 1893 1434 ab
1940 1377 2129 1453 tergo
2181 1369 2566 1436 ceciderunt

360 1471 648 1550 Poenos,
677 1479 748 1538 et
789 1471 1020 1554 sugam
1065 1469 1534 1554 impedierunt.
1624 1470 1873 1555 Itaque
1914 1473 2135 1536 minus
2182 1470 2320 1538 duo
2348 1471 2563 1538 millia

357 1573 698 1640 hominum
727 1593 816 1638 ex
847 1581 1036 1640 tanto
1071 1573 1398 1648 exercitu,
1417 1580 1490 1637 et
1510 1591 1594 1637 ea
1615 1573 1831 1657 major
1854 1591 2009 1658 pars
2032 1573 2389 1658 equitium*
2406 1593 2565 1640 cum

355 1677 518 1760 ipso
543 1677 718 1744 duce
745 1677 1113 1761 effugerunt
1131 1697 1154 1740 2
1196 1673 1312 1739 alii
1356 1693 1586 1738 omnes
1613 1675 1779 1740 caesi
1806 1684 1928 1739 aut
1954 1676 2161 1760 capti.
2248 1673 2469 1759 Capta
2495 1685 2565 1742 et

355 1781 555 1864 signa
581 1781 1266 1866 duodequadraginta.
1357 1779 1468 1844 Ex
1511 1779 1879 1844 victoribus
1925 1780 2059 1844 duo
2110 1780 2323 1846 millia
2353 1779 2563 1846 ferme

355 1885 680 1950 cecidere.
763 1883 1014 1949 Praeda
1043 1883 1260 1948 omnis
1302 1885 1781 1968 (praeterquam
1810 1882 2151 1948 hominum
2180 1881 2567 1968 captorum)

355 1987 556 2052 militi
583 2006 916 2053 concessa
943 1993 1088 2054 est:
1131 1991 1204 2052 et
1225 2005 1434 2070 pecus
1457 1992 1823 2069 exceptum
1848 1993 2005 2064 est,⁸
2028 1987 2208 2071 quod
2224 1987 2397 2052 intra
2414 1987 2565 2052 dies

355 2089 638 2172 triginta
666 2089 928 2156 domini
956 2091 1454 2172 cognovissent.
1521 2089 1697 2156 Cum
1726 2088 1960 2174 praeda
1989 2091 2215 2155 onusti
2238 2092 2311 2154 in
2340 2095 2565 2156 castra

353 2191 712 2272 redissent,
744 2200 1038 2277 quatuor
1065 2192 1283 2258 millia
1311 2193 1516 2257 ferme
1546 2192 1863 2258 volonum
1894 2193 2201 2270 militum,
2240 2193 2360 2276 qui
2390 2212 2559 2277 pug-

353 2304 678 2361 naverant
727 2297 1023 2378 segnius,
1063 2315 1188 2360 nec
1241 2297 1312 2360 in
1371 2301 1603 2361 castra
1658 2296 2033 2380 irruperant
2092 2295 2318 2373 simul,
2380 2303 2565 2361 metu

355 2415 582 2482 poenae
611 2397 854 2463 collem
883 2396 1069 2462 haud
1112 2398 1351 2481 procul
1395 2397 1638 2463 castris
1678 2402 2020 2480 ceperunt.
2110 2396 2401 2463 Postero
2450 2397 2563 2463 die

357 2519 492 2584 per
520 2500 826 2566 tribunos
845 2509 870 2549 ⁵
899 2500 1184 2566 militum
1215 2500 1370 2566 inde
1405 2497 1700 2578 deducti,
1728 2501 2055 2566 concione
2083 2499 2367 2564 militum
2390 2499 2419 2540 ⁶
2448 2499 2565 2565 ad·-

359 2609 608 2667 vocata
639 2621 682 2666 a
723 2599 1061 2681 Graccho,
1092 2600 1596 2686 superveniunt.
1686 2599 1828 2667 Ubi
1862 2620 2013 2667 cum
2051 2601 2415 2687 proconsul
2445 2623 2564 2668 ve-

353 2712 542 2770 teres
583 2705 830 2771 milites
875 2705 1186 2789 primum,
1219 2710 1418 2789 prout
1457 2704 1785 2789 cujusque
1828 2704 2047 2769 virtus
2094 2710 2301 2789 atque
2352 2724 2563 2789 opera

353 2807 428 2873 in
457 2827 543 2873 ea
569 2826 800 2892 pugna
841 2807 1082 2885 fuerat,
1129 2808 1534 2873 militaribus
1562 2807 1765 2872 donis
1796 2806 2139 2886 donasset,
2162 2816 2342 2887 tunc,
2372 2808 2559 2892 quod

353 2910 445 2977 ad
487 2911 770 2977 volones
815 2910 1145 2988 attineret,
1197 2908 1517 2989 ‘omnes,’.
1566 2910 1685 2987 ait,
1732 2918 1751 2946 ⁴
1776 2911 1976 2977 malle
2013 2910 2325 2977 laudatos
2368 2932 2411 2977 a
2458 2932 2560 2992 se,

355 3012 602 3095 dignos
651 3011 1119 3097 indignosque,
1165 3032 1368 3097 quam
1393 3020 1420 3062 ⁷
1470 3032 1851 3097 quenquam
1897 3032 1981 3078 eo
2012 3013 2123 3077 die
2154 3016 2560 3097 castigatum

352 3134 530 3180 esse.
605 3114 812 3195 Quod
843 3114 1114 3192 bonum,
1142 3114 1458 3195 faustum,
1481 3116 1789 3201 felixque
1814 3115 2228 3201 reipublicae
2251 3119 2559 3202 ipsisque

349 3224 555 3294 esset,
576 3236 807 3283 omnes
831 3236 954 3281 eos
975 3217 1225 3283 liberos
1254 3208 1404 3282 esse
1421 3216 1715 3301 jubere.'
1759 3217 1871 3283 Ad
1904 3239 2103 3302 quam
2134 3238 2373 3285 vocem
2402 3238 2555 3284 cum

349 3318 606 3385 clamor
637 3320 886 3405 ingenti
920 3320 1272 3386 alacritate
1308 3318 1610 3385 sublatus
1647 3329 1853 3400 esset,
1900 3341 1983 3387 ac
2010 3342 2189 3387 nunc
2215 3322 2558 3406 complexi

1275 3518 1482 3539 moen
1487 3518 1516 3537 O
1521 3518 1638 3539 ‘m

417 3654 450 3701 Ξ
493 3650 514 3679 ‘
535 3651 849 3717 conjunctio
866 3658 1010 3717 atque
1032 3668 1064 3703 a
1085 3654 1352 3719 plerisque
1373 3655 1504 3705 Mu.
1527 3654 1701 3717 abest,
1736 3668 1838 3719 qna
1859 3651 2054 3718 deleta,
2080 3653 2333 3705 Gronovii
2356 3656 2557 3719 conjec-

349 3724 476 3767 tura
497 3717 674 3781 recepi
735 3725 877 3768 osset
899 3734 915 3767 ε
948 3732 1044 3768 vox
1063 3718 1141 3769 ira
1161 3720 1343 3770 «trimos
1360 3718 1608 3771 accendit!
1640 3720 1838 3770 Stroth·
1904 3717 2027 3768 vid.
2062 3720 2187 3769 Not.
2209 3718 2435 3769 Van—8
2472 3720 2557 3770 In-

343 3782 616 3845 expeditior
715 3798 786 3833 ιο.
823 3784 1126 3847 optime-4
1159 3784 1311 3848 conj.
1345 3784 1402 3835 J.
1437 3784 1496 3834 F.
1529 3784 1761 3836 Gronov.
1788 3783 2081 3848 equita—⁶
2120 3782 2377 3834 wib-mm
2398 3785 2554 3837 Grut.

345 3844 584 3897 Gronov.
625 3848 838 3911 Doujat.
873 3848 1211 3899 creden—6
1243 3850 1262 3877 ‘
1286 3850 1558 3901 Posterius
1577 3850 1787 3900 πίδακι
1807 3850 2074 3899 abundare
2097 3847 2323 3913 videtur,
2346 3864 2441 3899 nec
2464 3864 2553 3913 ag·

349 3920 578 3963 noscunt
597 3914 782 3977 scripti
805 3912 1046 3980 quid-m’
1077 3915 1136 3965 J.
1153 3914 1218 3967 F.
1243 3915 1457 3967 Graec.
1522 3914 1691 3967 Abest
1710 3928 1741 3965 a
1761 3915 2088 3965 Oroden—v
2111 3914 2363 3967 Cantabr.
2383 3916 2556 3978 dignos

1350 4080 1402 4131 N
1410 4078 1568 4131 0⁹1·AE

412 4180 436 4206 ⁸
465 4172 536 4222 Et
560 4184 702 4235 pem
727 4176 975 4236 exceptu-
997 4173 1094 4238 m]
1127 4174 1212 4225 Ex
1232 4174 1414 4240 preda
1491 4176 1703 4242 quidem
1736 4172 1924 4230 omnin,
1954 4172 2047 4223 sed
2086 4186 2223 4238 quae,
2252 4186 2366 4223 cum
2396 4180 2553 4237 rapta

345 4262 466 4315 qut
513 4250 566 4299 in
601 4250 838 4301 exercitu
881 4249 1160 4304 Poenorum
1201 4258 1413 4319 reperta
1489 4259 1670 4303 essent
1698 4264 1765 4301 ex
1795 4250 1977 4301 vicinis
2006 4250 2163 4313 agris,
2182 4262 2552 4313 cognosceren-

343 4324 599 4377 militibus
641 4326 1045 4386 concedebatur,
1084 4330 1258 4396 excipi
1297 4330 1411 4395 pla·
1491 4335 1578 4380 tur
1597 4344 1630 4379 a
1649 4327 2026 4380 domiuisintra
2046 4338 2294 4377 mensem.

349 4402 462 4452 cuit
491 4408 602 4453 tum
635 4402 894 4468 captivae,
925 4410 1036 4455 tum
1059 4418 1268 4470 pecora,
1306 4418 1408 4457 uon
