3300 5225
755 484 928 553 1636

793 1340 965 1409 Polyb.
997 1356 1059 1393 n.

795 1620 970 1687 Polyb.
999 1636 1062 1671 11.

761 1689 845 1736 26.

811 4096 992 4146 Clurer

1698 502 1769 550 Τ.
1816 500 2008 549 mvn

1079 643 1212 705 loco
1248 660 1458 725 pugnae
1489 642 1706 703 concisi
1730 652 1884 715 sunt,
1914 642 2090 704 ceteri
2115 643 2405 723 fugemnt.
2490 640 2658 702 Galli
2684 641 2975 703 munitum

1079 740 1374 820 quendam
1411 740 1648 813 collem,
1676 760 1795 820 quo
1834 740 2111 821 pleraque
2148 739 2491 819 fugientium
2532 739 2705 799 turba
2734 760 2975 799 conces-

1079 847 1256 908 serat,
1279 857 1490 917 capere
1527 838 1747 913 conati,
1774 846 2083 919 postquam
2108 846 2393 897 nocturno
2420 837 2623 896 itinere
2648 834 2977 915 diurnaque

1081 953 1282 1014 pugna
1319 934 1468 993 vires
1507 935 1826 993 exhaustas
1864 952 2113 1004 sensere,
2142 932 2219 993 ad
2260 953 2505 1015 corpora
2544 931 2807 992 curanda
2846 932 2979 993 abi-

1082 1040 1325 1091 verunt:
1379 1029 1586 1091 relicta
1626 1040 1792 1112 parte
1832 1031 2119 1111 equitum,
2160 1050 2295 1110 quae
2334 1029 2623 1091 tumulum
2661 1028 2979 1100 obsideret,

1083 1127 1360 1207 postridie
1398 1129 1459 1188 vi
1500 1137 1607 1187 aut
1645 1128 1941 1189 deditione
1966 1126 2125 1188 haud
2150 1127 2327 1187 dubie
2356 1128 2413 1186 in
2450 1134 2797 1207 potestatem
2824 1124 2981 1185 redi-

1083 1224 1358 1302 gendum.
1443 1223 1522 1285 In
1559 1226 1675 1287 hoc
1710 1225 1957 1286 articulo
1990 1244 2179 1284 rerum
2221 1224 2291 1285 L.
2318 1224 2594 1283 AEmilius
2631 1223 2836 1283 consul
2872 1242 2979 1303 op-

1086 1321 1254 1382 tabili
1303 1323 1496 1403 potius
1550 1342 1739 1403 quam·
1778 1329 2007 1404 sperato
2052 1342 2191 1382 casu
2239 1322 2592 1402 supervenit.
2682 1318 2853 1379 Nam
2900 1318 2979 1380 ad

1084 1415 1304 1479 famam
1347 1419 1785 1481 adventantium
1812 1417 2127 1478 Gallorum
2152 1417 2487 1477 Ariminum
2518 1417 2745 1487 mimus,
2772 1412 2981 1475 defen-

1084 1536 1251 1577 surus
1300 1514 1595 1577 Adriatici
1647 1516 1858 1577 littoris
1906 1535 2091 1587 oram,
2139 1522 2449 1594 postquam
2500 1514 2705 1573 urbem
2754 1511 2985 1571 audivit

1085 1614 1230 1694 peti,
1251 1615 1480 1693 magnis
1505 1614 1809 1675 itineribus
1829 1612 2103 1673 Arimino
2128 1610 2441 1693 profectus,
2464 1609 2541 1670 ad
2568 1630 2641 1670 ea
2666 1608 2801 1669 loca
2824 1610 2984 1669 bona

1084 1708 1342 1791 quadam
1384 1709 1617 1771 fortuna
1662 1719 2027 1792 pervenerat,
2062 1718 2127 1768 et
2168 1728 2352 1788 parvo
2391 1707 2469 1767 ab
2504 1708 2769 1767 hostibus
2802 1706 2982 1767 inter·

1080 1806 1248 1867 vallo
1268 1815 1462 1867 casti-a
1485 1816 1739 1867 metatus
1763 1806 1973 1868 fuerat.

1161 1910 1262 1964 38.
1307 1903 1548 1964 Obsessi
1585 1924 1662 1965 ex
1701 1905 1929 1983 ignibus
1954 1906 2031 1964 ab
2056 1923 2129 1964 ea
2154 1912 2320 1984 parte
2350 1902 2698 1983 eonspectiS,
2730 1900 2793 1959 id
2820 1898 2983 1979 quod

1080 2009 1229 2073 erat,
1266 2000 1608 2063 Romanum
1649 2002 1971 2063 exereitum
2004 2002 2228 2063 venisse
2266 2001 2665 2081 conjicientes,
2692 1997 2981 2079 quosdam

1080 2118 1312 2157 suorum
1339 2100 1617 2159 miserunt
1641 2100 1764 2159 sine
1791 2099 1987 2171 armis,
2014 2118 2133 2179 quo
2158 2098 2392 2159 facilius
2417 2098 2667 2157 hostium
2698 2096 2985 2156 excubias

1080 2193 1369 2257 fallerent.
1455 2197 1556 2257 Ex
1597 2197 1689 2257 his
1730 2196 1969 2276 cognito
2010 2216 2202 2256 rerum
2228 2205 2383 2257 statu
2410 2195 2636 2266 consul,
2664 2194 2813 2254 citra
2854 2193 2984 2253 lon-

1083 2291 1304 2370 giorem
1352 2292 1855 2366 deliberationem,
1898 2313 2075 2374 quam
2128 2314 2317 2373 neque
2364 2314 2475 2364 res,
2520 2312 2709 2371 neque
2754 2298 2987 2370 tempus

1082 2387 1330 2460 ferebat,
1357 2391 1552 2450 statim
1593 2400 1724 2451 orta
1748 2392 1881 2453 luce
1908 2410 2043 2451 cum
2068 2392 2333 2471 equitatu
2367 2388 2662 2471 praecessit
2686 2387 2764 2447 ad
2790 2396 2987 2447 tumu-

1084 2485 1230 2556 lum,
1259 2487 1502 2546 tribunis
1543 2488 1793 2547 militum
1836 2508 1971 2549 oum
2016 2487 2333 2567 legionario
2370 2487 2558 2546 milite
2598 2486 2767 2565 sequi
2782 2484 2985 2563 jamia.

1087 2581 1304 2642 Gallos
1331 2583 1464 2662 jam
1499 2582 1677 2645 iidem
1716 2586 1876 2664 ignes
1910 2584 2333 2646 admonuerant
2366 2584 2443 2646 de
2470 2583 2723 2645 adventu
2752 2580 2986 2642 Roma·

1085 2698 1312 2751 norum,
1353 2688 1417 2740 et
1455 2678 1532 2739 ad
1575 2681 1881 2742 consilium
1922 2681 2001 2743 de
2042 2683 2425 2763 praesentibus
2466 2688 2799 2759 coegerant.
2884 2677 2987 2739 Ibi

1085 2795 1188 2836 rex
1230 2775 1597 2837 Aneroiistus
1634 2777 1839 2848 suasit,
1866 2785 1884 2814 ‘
1910 2799 1983 2837 ne
2026 2799 2235 2856 agmen
2279 2777 2741 2858 locupletissima
2778 2773 2985 2856 praeda

1081 2880 1356 2932 onustum
1395 2872 1723 2950 objicerent
1762 2873 1949 2933 hosti:
1994 2872 2101 2934 sed
2141 2873 2379 2934 domum
2418 2873 2680 2950 digressi,
2716 2871 2989 2952 deposita

1085 2967 1309 3048 praeda,
1353 2968 1402 3028 si
1440 2968 1783 3030 bellandum
1826 2968 1981 3030 ultra
2024 2969 2338 3041 videretur,
2384 2968 2651 3050 expediti
2688 2967 2988 3030 redirent.’

1087 3063 1360 3125 Probato
1399 3065 1476 3125 ab
1519 3067 1787 3126 omnibus
1825 3067 2069 3127 consilio
2094 3075 2229 3127 ante
2258 3074 2489 3127 noctem
2522 3064 2858 3136 disceditur,
2888 3065 2987 3124 iti-

1087 3181 1223 3221 nere
1265 3179 1368 3241 per
1411 3160 1710 3222 Etruriam
1733 3164 1917 3241 juxta
1940 3163 2105 3224 littus
2126 3164 2301 3224 maris
2326 3165 2611 3224 instituto.
2696 3161 2768 3221 L.
2790 3161 2985 3221 AEmi·

1088 3256 1202 3316 lius
1239 3257 1489 3338 receptis
1531 3259 1632 3337 qui
1676 3259 1737 3318 in
1777 3260 2067 3321 tumulum
2112 3259 2515 3340 confugerant,
2559 3267 2621 3318 et
2667 3256 2985 3317 Gallorum

1088 3353 1444 3434 profectione
1485 3356 1746 3434 cognita,
1774 3376 1907 3416 cum
1950 3357 2041 3417 his
2080 3357 2317 3438 quidem
2356 3355 2590 3417 collatis
2623 3355 2801 3434 signis
2834 3373 2987 3435 pug-

1087 3470 1228 3511 nare
1273 3450 1541 3511 nolebat:
1584 3450 1690 3511 sed
1726 3452 1951 3534 insequi
1982 3463 2183 3514 tamen
2206 3453 2432 3526 statuit,
2458 3453 2763 3514 occasione
2802 3471 2987 3531 quam

1087 3556 1318 3629 tempus
1341 3546 1648 3608 obtulisset
1674 3569 1894 3610 usurus.

1173 3651 1272 3705 39.
1315 3644 1394 3705 In
1435 3645 1552 3706 hoc
1591 3647 1843 3707 articulo
1882 3667 2073 3707 rerum
2100 3667 2293 3708 rursus
2317 3647 2545 3728 aliquid
2570 3667 2644 3706 ex
2672 3645 2989 3726 improviso

1095 3741 1302 3801 molita
1339 3739 1574 3803 fortuna
1607 3752 1716 3803 est.
1795 3742 1976 3804 Alter
2012 3745 2215 3805 consul
2253 3744 2328 3805 C.
2357 3743 2584 3804 Atilius
2608 3763 2683 3802 ex
2712 3741 2993 3803 Sardinia

1093 3857 1230 3898 cum
1255 3837 1582 3917 legionibus
1605 3839 1787 3900 Pisas
1810 3841 2138 3922 appulerat,
2167 3850 2343 3921 atque
2373 3842 2455 3900 ibi
2480 3840 2759 3900 militibus
2798 3859 2986 3920 expo-

1093 3934 1221 3994 sitis
1253 3934 1508 4016 pedestri
1543 3936 1747 3998 itinere
1776 3939 2015 4018 petebat
2040 3937 2320 4010 Romam,
2347 3957 2450 4018 per
2474 3936 2721 3998 eandem
2750 3936 2989 3998 Etrusci

1094 4033 1268 4091 maris
1305 4051 1468 4100 oram
1493 4032 1769 4096 incedens
1792 4055 1911 4118 qua
1936 4033 2106 4100 Galli
2130 4035 2466 4097 veniebant.
2551 4032 2732 4092 Circa
2754 4041 2989 4114 portum

778 4161 892 4211 Ital.
965 4129 1071 4206 Aln-
1095 4127 1348 4189 Etruriae
1382 4127 1767 4190 Telamonem
1806 4131 2056 4212 primum
2090 4132 2325 4191 obviam
2359 4131 2469 4190 sibi
2506 4129 2651 4190 facti
2676 4139 2814 4189 sunt
2838 4149 2988 4209 pm-

781 4227 870 4292 tiq.
897 4239 958 4272 11·
982 4227 1032 4273 2.
1093 4245 1351 4286 cursores
1366 4227 1665 4308 utriusque
1684 4228 2005 4288 exercitus:
2047 4229 2410 4310 captivisque
2432 4226 2725 4288 nonnullis
2745 4225 2823 4286 ad
2842 4245 2986 4286 con·

807 4289 987 4355 Polyb.
1010 4302 1073 4338 ιι.

780 4359 865 4406 20.

1094 4321 1280 4384 sulem
1321 4321 1610 4398 adductis,
1653 4325 1757 4384 ubi
1797 4324 1873 4384 de
1912 4325 2115 4386 itinere
2160 4323 2497 4398 Gallorum,
2532 4333 2593 4385 et
2632 4323 2989 4405 insequentis
