3300 5225
1023 527 1168 574 ma.
1214 525 1444 576 xxiv.
1490 527 1659 576 oar.
1700 510 1813 578 22.
2328 513 2504 582 2⁰25

313 671 584 756 prodita
645 674 850 756 atque
899 671 1212 738 alienata.
1299 671 1437 740 Sed
1492 673 1847 738 euocatum
1908 691 2059 737 eum
2120 673 2209 738 ab
2263 673 2503 756 legatis

311 771 686 840 Damarata
706 774 731 814 ⁸
763 793 956 852 uxor,
984 774 1124 841 filia
1159 775 1503 853 Hieronis,
1533 773 1771 852 inflata
1796 773 2014 840 adhuc
2042 775 2240 858 regiis
2268 777 2505 843 animis

311 895 396 940 ac
425 877 730 941 muliebri
775 877 1038 961 spiritu,
1084 878 1400 942 admonet
1441 897 1627 962 saepe
1668 886 2012 963 usurpatae
2042 878 2361 962 Dionysii
2404 884 2505 964 ty-

309 981 496 1044 ranni
519 987 547 1030 ⁹
579 980 787 1056 vocis,
819 997 976 1062 qua,
999 980 1320 1063 ‘pedibus
1351 988 1657 1058 tractum,
1682 1000 1813 1044 non
1844 981 2241 1048 insidentem
2276 979 2506 1066 equo,¹¹

310 1081 682 1164 relinquere
737 1079 1194 1164 tyrannidem,’
1234 1080 1508 1159 dixerit,
1537 1086 1558 1116 ‘
1577 1081 1839 1148 debere.
1926 1081 2159 1148 Facile
2186 1103 2337 1148 esse
2365 1104 2507 1149 mo-

312 1191 556 1256 mento,
581 1203 718 1268 quo
749 1185 904 1266 quis
937 1183 1122 1258 velit,
1153 1183 1394 1248 cedere
1424 1187 1865 1267 possessione
1898 1205 2157 1269 magnae
2186 1187 2503 1252 fortunae:

307 1287 535 1352 facere
563 1293 634 1350 et
656 1305 889 1368 parare
918 1304 1090 1362 eam,
1119 1284 1390 1350 difficile
1419 1293 1626 1371 atque
1656 1285 1939 1352 arduum
1967 1306 2137 1353 esse.
2211 1286 2507 1353 Paulum

313 1396 608 1454 sumeret
635 1390 838 1474 spatii
861 1397 914 1428 ¹0
943 1387 1030 1452 ad
1059 1388 1578 1454 consultandum
1609 1391 1697 1454 ab
1727 1389 1997 1472 legatis.
2084 1390 2191 1455 Eo
2222 1395 2508 1456 uteretur

311 1493 400 1558 ad
431 1492 866 1558 arcessendos
908 1509 996 1554 ex
1037 1491 1380 1556 Leontinis
1426 1492 1713 1556 milites:
1758 1492 2005 1576 quibus
2051 1491 2113 1558 si
2154 1493 2507 1576 pecuniam

309 1596 560 1678 regiam
610 1595 958 1680 pollicitus
1005 1600 1206 1673 esset,
1267 1595 1495 1660 omnia
1543 1596 1612 1658 in
1658 1603 1990 1678 potestate
2036 1595 2186 1679 ejus
2240 1593 2509 1661 futura.'

312 1698 496 1764 Haec
539 1696 891 1762 muliebria
935 1697 1224 1762 consilia
1252 1694 1785 1762 Andranodorus
1820 1717 2038 1783 neque
2082 1704 2233 1764 tota
2270 1717 2507 1780 asper-

309 1807 506 1866 natus
537 1807 668 1878 est,
695 1819 918 1884 neque
938 1800 1280 1884 externplo
1312 1801 1624 1884 accepit:
1660 1801 1967 1866 tutiorem
1992 1801 2078 1866 ad
2103 1819 2270 1884 opes
2302 1801 2509 1880 affec?

309 1903 550 1968 tandas
589 1910 778 1967 ratus
809 1921 958 1968 esse
988 1903 1196 1980 viam,
1223 1903 1285 1967 si
1319 1902 1390 1967 in
1430 1903 1793 1986 praesentia
1832 1903 2120 1988 tempori
2162 1903 2506 1969 cessisset.

311 2003 558 2090 Itaque
603 2004 866 2088 legatos
911 2005 1286 2070 renuntiare
1325 1992 1557 2089 jussit,
1583 2005 1876 2070 futurum
1908 2025 1983 2070 se
2024 2006 2091 2071 in
2121 2011 2393 2070 senatus
2422 2025 2507 2070 ac

307 2107 544 2192 populi
569 2111 912 2192 potestate.
958 2106 1246 2173 Postero
1269 2105 1381 2170 die
1405 2105 1558 2172 luce
1589 2107 1835 2191 prima,
1863 2107 2225 2191 patefactis
2250 2107 2507 2172 Insulae

309 2211 550 2294 portis,
577 2210 646 2273 in
675 2210 888 2274 forum
925 2207 1329 2274 Achradinoe
1358 2211 1556 2274 venit.
1643 2209 1757 2273 Ibi
1792 2209 1861 2273 in
1884 2228 2063 2274 aram
2095 2207 2511 2287 Concordiae,

312 2331 404 2378 ex
443 2331 576 2397 qua
605 2313 818 2397 pridie
849 2311 1219 2394 Polyoenus
1247 2310 1679 2376 concionatus
1724 2316 1889 2388 erat,
1922 2310 2239 2388 escendit,
2264 2313 2511 2378 oratio·

312 2435 598 2500 nemque
645 2433 800 2479 eam
851 2431 1046 2478 orsus
1097 2417 1222 2491 est,
1275 2431 1412 2496 qua
1460 2414 1745 2496 primum
1796 2412 2307 2477 cunctationis¹¹
2362 2434 2509 2479 suae

311 2519 572 2584 veniam
619 2517 878 2602 petivit.
967 2520 988 2550 ‘
1012 2515 1103 2580 Se
1153 2515 1332 2580 enim
1379 2513 1653 2579 clausas
1702 2514 2019 2581 habuisse
2070 2521 2323 2598 portas,
2374 2537 2509 2583 non

246 2688 254 2695 ,
313 2627 724 2707 separantem
759 2638 922 2683 suas
957 2638 1067 2684 res
1110 2638 1153 2683 a
1197 2618 1521 2702 publicis,
1551 2617 1673 2683 sed
1723 2619 1973 2683 strictis
2015 2621 2221 2685 semel
2264 2618 2509 2705 gladiis

308 2725 649 2789 timentem
693 2723 807 2806 qui
857 2723 1007 2787 finis
1059 2718 1360 2786 caedibus
1411 2725 1591 2785 esset
1645 2720 1959 2788 futurus:
2032 2728 2269 2801 utrum,
2322 2724 2508 2808 quod

313 2825 485 2893 satis
543 2824 837 2891 libertati
859 2831 910 2863 ¹²
967 2823 1161 2901 foret,
1223 2822 1517 2888 contenti
1565 2842 1729 2889 nece
1776 2824 2039 2909 tyranni
2085 2832 2331 2905 essent,
2382 2826 2515 2903 an,¹

309 2930 720 3015 quicumque
769 2934 890 2993 aut
926 2927 1448 3013 propinquitate,
1479 2933 1596 2991 aut
1633 2924 1977 3006 affinitate,
2006 2935 2128 2993 aut
2164 2928 2509 3012 aliquibus

309 3032 694 3099 ministeriis
741 3031 990 3114 regiam
1039 3030 1499 3113 contigissent,
1527 3029 1772 3095 alienae
1818 3032 2038 3114 culpae
2084 3031 2180 3095 rei
2215 3032 2509 3097 trucida-

311 3143 562 3203 rentur.
650 3135 1031 3220 Postquam
1074 3132 1689 3211 animadverterit,¹³
1742 3150 1885 3212 eos,
1938 3133 2055 3216 qui
2106 3133 2511 3200 liberassent

376 3316 394 3351 ⁸
425 3318 522 3369 Soa
541 3320 664 3382 quod
682 3320 912 3367 metuent
931 3331 988 3367 cre
1008 3315 1250 3365 dubitaret
1271 3330 1410 3379 quern
1425 3314 1583 3380 finer·
1601 3314 1825 3366 habitura
1844 3320 1999 3365 emt
2018 3316 2291 3376 ἠοηιίοὲάία,
2308 3315 2353 3365 si
2371 3318 2513 3365 semel

305 3383 465 3446 gladii
485 3384 862 3445 stringerentur.-
895 3397 959 3431 aa
994 3382 1118 3431 cives
1151 3382 1365 3431 contenti
1385 3381 1558 3440 saturi
1577 3386 1736 3432 ment
1759 3386 1908 3431 morte
1940 3382 2152 3445 tyranni,
2172 3384 2295 3446 quod
2322 3382 2511 3446 quidem

309 3450 378 3498 ad
398 3448 666 3499 libertatem
682 3448 916 3517 sufficeret
931 3462 950 3497 .·
981 3460 1045 3496 aa
1065 3460 1194 3509 vero,
1221 3448 1306 3509 ξι.

1227 3590 1588 3613 ΝΟΟΟΟΟΟΟΟΜ

312 3692 560 3745 modum!
593 3693 882 3743 Stroth—8
916 3692 1180 3743 Demarato
1202 3692 1334 3743 Edd.
1357 3701 1477 3745 ante
1500 3694 1767 3743 Drak.—9
1800 3692 2099 3769 conjiciunt
2124 3696 2366 3755 numam
2390 3690 2509 3739 Dio·

308 3760 446 3825 nynia
469 3764 670 3825 mmo
692 3758 838 3837 Duk.
861 3764 916 3807 et
939 3758 1264 3837 3⁸⁰⁰T·'.-¹⁰
1295 3758 1412 3808 Vox
1447 3758 1596 3821 spatii
1628 3759 1780 3808 abest
1816 3758 2121 3835 abpptimu
2144 3758 2269 3805 Mu.
2296 3756 2431 3849 uncle
2454 3756 2510 3806 J.

309 3823 1400 3953 33.32??.?132‘ss¹;t·1.2⁰222255¹2‚2·22.r÷22
1410 3818 2509 3951 mma...⁰3:52³20432022'2m22'!

309 3953 672 4007 mnf—ll
709 3953 860 4017 Couj.
917 3954 1109 4003 Bauer.
1165 3954 1608 4003 “neminie-w
1662 3952 1746 4004 ΑΙ.
1792 3952 2174 4003 libertatis.-1s
2210 3950 2225 3977 ‘
2255 3950 2509 4011 Postquam
2600 3958 2603 3966 ’

308 4019 700 4071 animaduerterit
735 4034 828 4085 pro
865 4019 1003 4085 vulg.
1032 4018 1372 4069 animadvertit
1391 4016 1516 4069 dedi
1544 4034 1659 4069 cum
1680 4018 1877 4067 Stroth.
1900 4016 2237 4067 suadentibus
2258 4014 2421 4065 Gron.
2448 4030 2509 4065 nc

1298 4162 1520 4217 NOTA-3

319 4310 328 4319 .
376 4265 402 4301 ¹·
443 4265 656 4317 Pedibus
701 4270 922 4327 hactum,
951 4278 1048 4314 noa
1085 4263 1368 4313 insidentem
1445 4263 1624 4315 tentio
1666 4262 1871 4315 nonnisi
1905 4260 2087 4313 ultima
2120 4259 2167 4311 vi
2212 4255 2509 4311 renuntian-

305 4341 448 4407 σφω]
479 4342 706 4407 Tyranni
727 4342 870 4407 quasi
894 4339 1230 4404 proverbiali·
1250 4355 1365 4389 ren·
1445 4338 1584 4389 dum.
2280 4358 2295 4365 -

297 4414 496 4481 'tentia,
531 4435 635 4484 qua
668 4419 988 4483 significatur
1021 4432 1231 4468 summae
1275 4432 1366 4481 po-

441 4504 621 4567 Delph.
649 4508 700 4552 et
728 4500 842 4551 ναν.
866 4501 1012 4550 clas..
1302 4497 1489 4547 Livius.
2258 4496 2290 4541 6
2326 4490 2371 4541 R
