3300 5225
1064 487 1210 537 ms.
1259 485 1486 536 xx1v.
1531 487 1697 536 cn.
1739 470 1807 536 8.
2352 471 2527 540 2001

335 629 920 714 Quemadmodum
946 631 1216 715 pedites
1244 632 1650 716 equitesque
1682 635 2019 716 optamus,
2043 637 2123 697 ut
2140 631 2527 714 validioreS,

333 739 396 802 si
445 739 686 816 minus,
717 745 794 800 ut
834 752 1036 819 pares
1076 732 1258 799 hosti
1292 732 1710 800 habeamus:
1755 734 1851 800 ita
1878 734 2036 800 duci
2063 734 2361 802 hostium
2407 757 2529 822 pa-

331 859 476 904 rem
531 841 1002 923 imperatorem
1047 855 1454 921 quaeramus.
1540 835 1737 913 Cum,
1786 838 1905 921 qui
1956 844 2063 902 est
2120 859 2415 905 summus
2456 841 2529 904 iu

330 943 610 1008 civitate
658 941 826 1018 dux,
873 958 1026 1004 eum
1069 939 1467 1023 legerimus3
1509 946 1735 1004 tamen
1754 947 1809 988 ¹⁴
1856 948 2127 1026 repente
2162 942 2404 1022 lectus,
2454 945 2527 1008 iu

331 1063 579 1110 anuum
609 1027 898 1120 creatus,
931 1041 1252 1114 adversus
1289 1049 1582 1108 veterem
1627 1063 1711 1108 ac
1750 1049 2141 1127 perpetuum
2169 1046 2527 1130 imperato-

329 1165 474 1211 rem
516 1145 1038 1231 comparabitur,
1067 1145 1268 1210 nullis
1309 1165 1530 1232 neque
1576 1149 1926 1231 temporis,
1965 1166 2181 1232 neque
2215 1147 2389 1232 juris
2425 1149 2528 1213 in-

331 1247 600 1314 clusum
635 1248 985 1334 angustiis,
1026 1267 1160 1333 quo
1188 1247 1414 1313 minus
1457 1250 1557 1314 ita
1601 1250 1831 1314 omnia
1860 1255 2048 1332 gerat
2078 1249 2527 1317 administret-

331 1370 488 1437 que,
519 1357 592 1416 ut
633 1359 940 1436 tempora
978 1349 1422 1435 postulabunt
1452 1351 1691 1416 belli.¹⁵
1783 1351 2007 1417 Nobis
2044 1359 2276 1417 autem
2308 1355 2371 1418 in
2404 1373 2527 1439 ap·-

329 1459 575 1538 paratu
603 1455 780 1538 ipso,
809 1473 892 1519 ac
932 1460 1190 1519 tautum
1228 1453 1704 1519 inchoantibus
1723 1451 1775 1494 ¹⁶
1802 1473 1929 1531 ree,
1959 1473 2171 1520 annus
2202 1455 2527 1536 circuma-

329 1556 529 1640 gitur.
615 1554 977 1636 Quoniam,
1017 1557 1260 1641 quales
1289 1557 1470 1621 viros
1493 1573 1724 1620 creare
1752 1575 1882 1621 vos
1908 1557 2224 1622 consules
2259 1557 2527 1638 deceat,

333 1658 508 1723 satis
539 1666 646 1724 est
675 1658 972 1739 dictum3
1003 1664 1231 1724 ·restat
1265 1667 1342 1724 ut
1386 1676 1613 1742 pauca
1656 1657 1740 1722 de
1782 1658 1905 1735 οἰε,
1942 1659 2014 1724 in
2058 1679 2235 1744 quos
2272 1679 2525 1745 proero-

331 1761 581 1844 gativae
635 1761 826 1827 favor
879 1761 1272 1855 indicavit}
1319 1761 1561 1829 dicam.
1680 1761 1780 1826 M.
1836 1762 2159 1828 AEmilius
2214 1762 2559 1856 Regillus⁸

329 1863 576 1928 flamen
605 1871 714 1930 est
737 1863 1138 1944 Quirinalis,
1161 1883 1362 1948 quem
1386 1884 1601 1950 neque
1628 1865 1889 1930 mittere
1911 1866 1998 1930 ab
2022 1866 2287 1944 saci-ise
2310 1885 2527 1951 neque

330 1967 620 2032 retinere
661 1985 1054 2046 possumus,
1083 1975 1166 2032 ut
1205 1987 1342 2032 non
1379 1968 1598 2033 Deum
1629 1976 1751 2034 aut
1788 1967 1952 2034 belli
1995 1969 2381 2034 deseramus
2410 1988 2527 2034 cu-

329 2087 496 2132 ram.
583 2069 924 2135 Otacilius
973 2071 1222 2136 sororis
1265 2090 1434 2136 meae
1485 2070 1695 2136 filiam
1740 2090 2023 2136 uxorem
2071 2077 2273 2156 atque
2308 2091 2395 2136 ex
2443 2091 2531 2138 ea

327 2168 582 2236 liberos
611 2170 888 2236 habet.¹⁷
976 2169 1284 2237 Ceterum
1323 2192 1455 2238 nou
1501 2193 1585 2238 ea
1613 2179 1836 2238 vestra
1861 2173 1931 2237 iu
1960 2193 2069 2238 me
2096 2173 2525 2259 majoresque

330 2292 526 2338 meos
555 2275 792 2338 merita
821 2281 1025 2352 sunt:
1051 2281 1130 2338 ut
1159 2293 1294 2338 nou
1325 2274 1649 2358 potiorem
1696 2275 1981 2358 privatis
2011 2275 2527 2341 necessitudini-

331 2376 468 2440 bus
495 2395 632 2440 rem
662 2375 1004 2459 publicam
1030 2376 1336 2442 habeam.
1414 2375 1727 2456 Quilibet
1756 2385 2112 2443 nautarum
2145 2387 2528 2445 vectorum·

333 2489 466 2562 que
510 2479 869 2563 tranquillo
896 2480 1064 2545 mari
1092 2481 1466 2562 gubernare
1497 2486 1767 2564 potesta
1807 2481 1927 2545 ubi
1968 2499 2159 2546 saeva
2190 2484 2334 2545 orta
2362 2485 2527 2546 tem-

333 2587 570 2666 pestas
609 2586 718 2647 est
743 2601 826 2648 ac
852 2584 1127 2649 turbato
1157 2585 1322 2649 mari
1343 2583 1604 2669 rapitur
1639 2587 1841 2649 vento
1878 2581 2096 2657 navis,
2118 2588 2256 2647 tum
2286 2584 2429 2651 viro
2457 2593 2529 2653 et

263 2726 272 2735 -
332 2684 766 2766 guberuatore
795 2705 971 2771 opus
1001 2693 1131 2751 est.
1217 2685 1380 2751 Nou
1409 2687 1769 2771 tranquillo
1800 2688 2213 2769 navigamuS,
2244 2687 2359 2752 sed
2381 2688 2527 2773 jam

331 2785 596 2871 aliquot
621 2788 940 2873 procellis
959 2796 983 2825 ¹'
1011 2790 1360 2853 summersi
1393 2808 1590 2873 paene
1624 2808 1877 2853 sumus.
1950 2788 2221 2872 Itaque,
2248 2790 2405 2874 quis
2436 2790 2529 2856 ad

331 2889 781 2971 gubernacula
831 2890 1084 2968 sedeat,
1127 2910 1390 2956 summa
1433 2910 1598 2956 cura
1637 2890 2126 2976 providendum
2156 2910 2237 2956 ac
2268 2910 2527 2975 praeca-

332 2990 628 3056 'vendum
657 2992 854 3057 vobis
879 2990 931 3033 ¹⁸
973 3000 1099 3058 est.
1186 2992 1272 3058 In
1312 2994 1567 3058 minore
1605 2998 1673 3059 te
1718 2995 2010 3078 experti,
2040 2995 2125 3059 T.
2150 2994 2427 3071 Otacili,
2458 3014 2529 3060 mo

337 3101 649 3158 sumus.¹⁹
735 3094 950 3161 Haud
997 3115 1182 3176 saue,
1227 3115 1346 3161 cur
1373 3096 1464 3161 ad
1511 3097 1772 3183 majora
1812 3097 1938 3163 tibi
1980 3096 2289 3176 fidamus,
2320 3098 2528 3165 docu-

395 3292 635 3348 *θεῶν
650 3290 884 3353 fumat
901 3292 1144 3359 unffi-agia
1161 3294 1392 3343 centurio
1406 3292 1610 3368 prinum
1628 3296 1757 3343 ome
1776 3292 1948 3343 ducto.

394 3356 2377 3425 ‘Nonumaeoeigunntbeneflciaquaewsinmwmq'memmtnliotia

1252 3520 1371 3543 mo
1342 3518 1578 3542 ‘m

333 3638 396 3685 14
433 3636 556 3685 Τιιιι
590 3633 725 3685 Edd-
747 3640 868 3684 ante
892 3633 1117 3685 Gronov.
1120 3639 1248 3685 —15
1282 3635 1406 3687 Vct.
1428 3633 1519 3685 lib.
1541 3649 1606 3699 ap
1609 3633 1680 3685 ud
1697 3634 1870 3701 Sigon.
1890 3641 1948 3686 ut
1966 3636 2074 3686 bena·
2094 3641 2305 3700 tempora
2322 3638 2531 3715 poetata

330 3700 460 3749 bunt.
463 3704 590 3750 —10
622 3700 728 3751 ‘Ac
745 3705 932 3750 tuntum
950 3700 1190 3749 inchoanti
1193 3700 1324 3750 bun·
1297 3715 1390 3751 rm
1453 3702 1549 3749 Sus
1527 3702 1602 3765 spi
1607 3716 1697 3751 cor
1732 3700 1802 3751 ῆι·
1790 3716 1911 3761 sssss
1946 3717 2003 3751 uc
2032 3706 2277 3751 tantumn
2247 3718 2339 3751 ιιοιι
2369 3702 2529 3751 nucleo·

328 3764 542 3830 antibus,
574 3765 671 3814 etsi
711 3772 885 3829 potest
921 3764 1046 3813 illud
1083 3764 1246 3816 ferri!
1275 3766 1332 3814 J.
1357 3766 1418 3816 F.
1447 3766 1658 3816 Gronov.
1660 3772 1793 3816 -1'1
1832 3766 2048 3829 Pighius
2084 3768 2297 3829 corrigit
2330 3768 2453 3819 oeae
2454 3768 2529 3831 iti,

331 3801 692 3883 ethnon—18
711 3780 809 3881 Al.
843 3829 1130 3882 noha—1⁹
1162 3830 1228 3879 Ῑιι
1260 3830 1440 3881 minore
1474 3845 1530 3881 re
1563 3832 1757 3896 experti
1794 3831 1848 3881 Τ.
1884 3832 1968 3880 Ot.
2000 3845 2187 3895 operam
2218 3836 2530 3885 nummus

1322 3974 1538 4027 NOTAE

393 4083 420 4117 ¹¹
443 4074 597 4133 Quen·
615 4089 764 4139 uque
781 4072 973 4124 mitten
991 4072 1054 4123 ab
1073 4072 1246 4137 sacris]
1272 4059 1390 4123 Fia·
1533 4080 1554 4109 ¹·
1585 4074 1704 4125 Joem
1737 4075 1915 4139 aliquot
1940 4071 2183 4139 procellis]
2216 4074 2531 4138 Metaphora

326 4150 494 4201 mines
530 4151 666 4202 adeo
699 4150 904 4201 astricti
936 4157 1088 4200 eraut
1118 4150 1300 4213 sacris,
1330 4155 1391 4199 ut
1469 4165 1500 4199 a
1521 4151 1653 4199 mari
1676 4151 1741 4201 ad
1760 4152 1995 4215 rempub.
2014 4150 2175 4201 ducta
2194 4167 2207 4197 ε
2229 4150 2526 4213 intelligun-

329 4228 397 4279 ab
433 4227 564 4277 urbe
596 4228 882 4278 abnoctare
917 4227 1042 4291 ipsis
1067 4227 1286 4276 vetitum
1308 4238 1390 4275 es·
1469 4232 1558 4276 tur
1577 4235 1752 4280 autem
1786 4242 1972 4293 puguae
2003 4227 2071 4278 nd
2095 4228 2445 4281 Trasimenum
2470 4234 2530 4280 et

197 4323 210 4333 ·
329 4311 434 4367 set,
468 4304 652 4355 saltem
691 4304 836 4362 diali,
869 4310 929 4355 ut
961 4302 1182 4355 vidimus
1217 4304 1306 4357 lib.
1331 4316 1388 4354 v.
1469 4306 1689 4357 Cannu.
1761 4354 1768 4357 .

332 4384 559 4448 cap-56.
