3300 5225
1111 453 1260 504 mu.
1307 451 1538 503 xxiv.
1584 453 1751 504 ou».
1794 439 1905 504 17.
2430 443 2609 510 2015

409 603 676 682 tut-qne.
763 596 994 682 Digna
1019 615 1130 663 res
1163 596 1342 676 visa,
1372 603 1445 664 ut
1487 588 1917 664 simulacrum
1946 597 2265 666 celebrati
2292 598 2439 687 ejus
2468 602 2611 670 diei

409 700 782 779 Gracchus,
805 706 1164 786 postquam
1209 699 1502 766 Romam
1547 700 1771 778 rediit,
1816 701 2003 784 pingi
2038 702 2309 785 juberet
2345 705 2415 768 in
2460 705 2609 772 aede

409 803 798 882 Libertatis,
827 822 1031 888 quam
1052 807 1243 887 pater
1271 805 1417 889 ejus
1447 804 1514 869 in
1543 803 1883 870 Aventino
1928 823 2021 868 ex
2058 804 2460 872 mulctatitia
2488 828 2607 893 pe·

409 907 614 972 cunia
641 904 1017 971 faciendam
1047 905 1312 970 curavit
1339 904 1837 989 dedicavitque.

495 1009 606 1074 17.
649 1006 830 1074 Dum
859 1007 1009 1073 baec
1037 1006 1125 1072 ad
1150 1007 1600 1072 Beneventum
1631 1014 1963 1090 geruntur,
2008 1007 2371 1089 Hannibal,
2402 1011 2609 1097 depo-

405 1109 680 1194 pulatus
725 1129 954 1192 agrum
1006 1109 1563 1193 Neapolitanum,
1613 1108 1699 1174 ad
1766 1108 2015 1175 Nolam
2073 1115 2299 1177 castra
2350 1123 2611 1180 movet.

409 1210 637 1290 Quem
671 1213 785 1277 ubi
809 1211 1168 1277 adventare
1200 1211 1444 1276 consul
1475 1213 1711 1289 sensit,
1741 1210 2123 1296 Pomponio
2152 1221 2565 1299 propraetore
2588 1213 2612 1253 f

405 1331 556 1380 cum
579 1333 666 1379 eo
693 1315 1017 1392 exercitu,
1057 1313 1173 1398 qui
1203 1334 1409 1397 super
1435 1315 1831 1381 Suessulam
1860 1315 1927 1379 in
1958 1317 2198 1382 castris
2227 1325 2391 1396 erat,
2424 1320 2609 1384 acci-

405 1424 500 1494 to,
538 1415 634 1481 ire
677 1417 942 1482 obviam
975 1417 1156 1482 hosti
1199 1423 1412 1501 parat,
1451 1437 1573 1483 nec
1611 1437 1866 1484 moram
1898 1417 2263 1484 dimicandi
2309 1419 2607 1486 facere.¹¹

409 1519 492 1584 C.
535 1518 893 1584 Claudium
927 1519 1262 1586 Neronem
1294 1540 1445 1585 cum
1477 1521 1715 1586 robore
1746 1522 2047 1605 equitum
2079 1521 2351 1587 silentio
2380 1523 2607 1588 noctis

405 1641 530 1706 per
557 1639 866 1686 aversam
901 1622 1198 1687 maxime
1227 1623 1313 1687 ab
1353 1622 1550 1688 hoste
1579 1630 1837 1708 portam
1876 1624 2157 1706 emittit3
2201 1625 2611 1692 circumvec-

409 1731 687 1808 tumque
717 1722 987 1789 occulte
1017 1723 1338 1809 subsequi
1365 1726 1614 1790 sensim
1657 1745 1895 1808 agmen
1934 1725 2223 1792 hostium
2262 1725 2485 1811 jubet,
2514 1733 2608 1808 et,

407 1845 560 1891 cum
608 1833 914 1891 coortum
959 1826 1262 1911 praelium
1296 1826 1628 1905 videret,¹²
1675 1829 1760 1892 ab
1791 1834 1977 1910 tergo
2006 1847 2080 1892 se
2120 1827 2430 1913 objicere.
2519 1829 2612 1896 Id.

406 1946 628 1992 errore
679 1928 964 2007 viarum,
1015 1947 1102 1993 an
1147 1928 1520 2012 exiguitate
1566 1929 1912 2014 temporis,
1943 1927 2131 1994 Nero
2174 1932 2426 2015 exequi
2468 1951 2611 2000 non

404 2030 732 2114 potuerit,
765 2031 1090 2096 incertum
1117 2036 1241 2097 est.
1331 2030 1632 2097 Absente
1653 2050 1737 2097 eo
1768 2052 1921 2097 cum
1951 2030 2263 2116 praelium
2292 2035 2609 2100 commis-

407 2151 558 2197 sum
609 2138 815 2212 esset,
863 2134 1167 2217 superior
1219 2132 1494 2217 quidem
1537 2133 1721 2198 haud
1772 2134 1972 2199 dubie
2021 2132 2375 2200 Romanus
2426 2145 2607 2202 erat:

407 2237 556 2312 sed,
584 2237 746 2321 quia
775 2239 1042 2320 equites
1070 2255 1200 2300 non
1230 2235 1480 2300 affuere
1507 2237 1578 2301 in
1622 2243 1955 2320 tempore,
1983 2237 2157 2302 ratio
2204 2238 2606 2322 compositae

405 2339 502 2404 rei
543 2339 812 2405 turbata
857 2339 1014 2404 est.⁴¹¹
1098 2338 1261 2404 Nou
1312 2357 1528 2404 ausus
1571 2339 1835 2424 insequi
1864 2339 2183 2405 cedentes
2214 2339 2607 2417 Marcellus,

405 2441 826 2506 vincentibus
873 2441 1020 2506 suis
1067 2441 1328 2524 signum
1371 2441 1668 2525 receptui
1715 2441 1924 2506 dedit.
2012 2439 2184 2506 Plus
2216 2447 2436 2506 tamen
2466 2441 2605 2507 duo

403 2543 616 2609 millia
664 2543 954 2608 hostium
1003 2563 1086 2608 eo
1132 2541 1243 2606 die
1289 2561 1472 2608 csesa
1517 2541 1905 2609 traduntur:
1972 2541 2336 2609 Romani¹³
2382 2542 2607 2608 minus

405 2646 988 2731 quadringentis.¹⁴
1073 2646 1254 2711 Solis
1295 2646 1434 2710 sere
1465 2665 1713 2711 occasu
1755 2645 1973 2725 Nero,
2005 2646 2179 2712 diem
2213 2652 2609 2731 noctemque

404 2750 853 2833 nequicquam
885 2748 1191 2831 fatigatis
1229 2749 1430 2833 equis
1467 2747 2003 2833 hominibusque,
2029 2768 2114 2815 ne
2146 2750 2298 2815 viso
2333 2750 2609 2835 quidem

405 2852 597 2918 hoste
637 2849 930 2929 redienS,
961 2850 1135 2915 adeo
1167 2852 1454 2933 graviter
1481 2858 1581 2917 est
1611 2853 1697 2916 ab
1742 2850 2023 2917 consule
2052 2852 2503 2936 increpitus,¹⁵
2531 2858 2610 2917 ut

404 2974 530 3038 per
571 2974 722 3019 eum
771 2954 1046 3019 stetisse
1095 2952 1374 3033 diceret,
1419 2974 1553 3037 quo
1595 2953 1819 3019 minus
1864 2960 2151 3039 accepta
2208 2952 2295 3019 ad
2337 2954 2607 3020 Cannas

357 3090 366 3099 ·
405 3055 782 3147 redderetur
821 3055 1002 3121 hosti
1051 3054 1304 3121 clades.
1390 3055 1679 3123 Postero
1728 3055 1839 3121 die
1884 3054 2239 3122 Romanus
2278 3056 2349 3121 in
2390 3056 2607 3122 aciem

468 3254 497 3291 ⁴
530 3254 848 3309 Perturbatus
865 3260 938 3307 est
957 3256 1122 3305 maa·
1139 3254 1214 3306 rei
1227 3256 1512 3321 peragenda
1527 3259 1671 3321 prout
1690 3266 1987 3307 convenerat.

1319 3400 1589 3422 OOOOONJO
1592 3400 1683 3422 m

483 3522 538 3569 n
575 3516 662 3568 ΑΙ.
693 3532 754 3568 ne
789 3530 971 3568 norm
1007 3514 1267 3565 dammas·
1285 3512 1624 3574 facerem—12
1649 3514 1777 3565 vet.
1810 3514 1903 3566 lib.
1943 3529 2029 3579 ap.
2062 3514 2241 3578 sigon.
2272 3530 2379 3565 eam
2406 3520 2609 3578 eoeptan

397 3585 566 3651 prelio
598 3584 927 3633 videretae-ls
960 3580 1093 3631 Edd.
1116 3587 1246 3630 vett.
1279 3580 1617 3629 Romanorum.
1683 3581 1815 3631 Mes.
1846 3580 2225 3630 Romaim—14
2259 3580 2275 3607 ⁴
2302 3580 2460 3630 Forte
2490 3596 2609 3644 qau-

401 3650 664 3711 dringcurt,
701 3656 760 3697 ut
796 3648 812 3675 ⁴
843 3649 956 3710 plus
989 3646 1096 3696 duo
1130 3643 1320 3706 minin:
1343 3658 1486 3693 more
1509 3644 1663 3709 Livii,
1687 3659 1785 3697 nec
1810 3652 1985 3697 tamen
2010 3645 2300 3711 perpetuo!
2334 3646 2608 3708 Rupere.—

407 3720 468 3765 15
505 3713 788 3777 Increpat-e
808 3712 944 3763 Edd.
969 3718 1095 3763 vett.
1120 3718 1178 3762 et
1199 3710 1327 3761 Mu.
1350 3710 1602 3760 nonnulli.

1390 3856 1608 3909 1101·AE

399 3965 675 4029 gesner-nt
704 3956 1080 4009 accumbebant
1107 3970 1332 4007 mentm:
1369 3954 1467 4005 mi·
1542 3956 1835 4020 epulantur.

401 4057 500 4092 nus
527 4038 696 4089 fortes
713 4035 944 4092 stabant,
965 4034 1180 4099 aliisque
1207 4032 1463 4083 ministra·
1608 4030 1628 4065 ¹
1655 4030 1918 4096 Pomponio
1947 4027 2255 4093 propretor-e]
2289 4026 2344 4077 Is
2376 4041 2495 4093 cap.
2522 4031 2604 4079 1⁰.

400 4121 550 4179 baut,
580 4113 866 4178 eodemque
901 4117 1137 4175 tempore
1173 4110 1346 4160 eibum
1379 4124 1464 4159 su·
1533 4108 1713 4173 jussus
1732 4106 1905 4158 suerat
1927 4106 2073 4157 initio
2093 4104 2242 4169 hujus
2263 4104 2381 4153 anni
2404 4104 2457 4153 iu
2480 4118 2606 4167 agro

401 4191 614 4241 mebant
633 4204 749 4240 cum
775 4188 924 4239 aliis:
966 4195 1027 4238 ut
1047 4186 1302 4252 hodieque
1325 4185 1460 4251 apud
1543 4185 1751 4236 Gallico
1782 4198 2021 4235 manere:
2064 4181 2188 4233 iude
2218 4181 2433 4232 Romam
2470 4183 2607 4233 acci·

402 4268 629 4317 Polouos
663 4263 839 4315 famuli
869 4278 1005 4329 pone
1039 4270 1262 4327 stantes,
1281 4264 1464 4314 eodem
1545 4268 1657 4312 tum
1688 4258 1850 4311 fuisse
1880 4264 2110 4325 oportet,
2132 4265 2190 4309 et
2212 4272 2330 4308 cum
2350 4256 2604 4311 Marcello

403 4351 640 4410 tempore
697 4358 814 4395 cum
873 4342 1094 4394 dominis
1147 4340 1465 4408 sedentibus,
1544 4339 1831 4392 consulein
1853 4338 2187 4405 Campaniam
2213 4334 2525 4402 profectum.
