3300 5225
779 505 954 574 1630

781 861 951 911 zoam

805 957 1081 1008 Dio-etzo

811 1919 1040 1990 Polyba

784 1989 811 2036 1
821 1990 868 2035 1.

788 2589 960 2641 zonat.

816 2654 988 2721 Polyb.
1023 2670 1088 2704 11.

788 2724 870 2770 1⁰.

822 3181 996 3249 Polyb.

791 3252 875 3299 11.

788 3461 1006 3576 Ἑῧΐψ
914 3524 1092 3575 ‚Ursim

789 3590 964 3658 1²0.1yb

1752 519 1823 568 ·1·.
1870 518 2061 569 mvn

1183 667 1284 724 26.
1323 659 1518 723 Teuta
1555 659 1719 721 rudis
1754 659 2109 743 imperandi,
2150 667 2214 718 et
2252 655 2560 718 muliebris
2590 656 2815 736 ingenii
2855 657 3017 720 vitia

1103 779 1296 840 neque
1315 760 1565 829 ratione,
1591 777 1785 838 neque
1810 778 1917 817 usu
1942 755 2183 817 domare
2208 754 2406 826 docta,
2432 755 2589 816 sicut
2613 753 2692 815 ad
2718 755 3013 818 irritanda

1103 856 1244 917 odia
1287 857 1674 937 praecipitem,
1716 856 1805 916 sic
1848 853 1927 915 ad
1972 851 2281 914 toleranda
2318 851 2591 912 timidam
2633 873 2696 913 se
2742 857 3009 934 gerebat.

1107 951 1322 1033 Itaque
1357 959 1659 1032 comperto
1691 949 1915 1010 bellum
1950 949 2229 1010 adversus
2260 969 2322 1009 se
2348 949 2567 1030 parari,
2596 949 3013 1014 ‘reddituram

1104 1051 1400 1110 Romanis
1436 1049 1632 1109 vivos'
1673 1047 1945 1128 pollicita
1982 1057 2108 1108 εει·
2161 1045 2548 1108 ‘interfectos
2592 1047 2840 1109 reddere
2886 1069 3011 1112 non

1101 1168 1290 1230 posse,
1321 1167 1468 1229 quos
1491 1147 1713 1226 injussu
1738 1165 1844 1205 suo
1878 1143 2185 1225 praedones
2209 1144 2631 1225 peremissent?
2715 1144 2878 1206 Haec
2920 1147 3011 1208 le-

1101 1246 1262 1324 gatio
1299 1261 1640 1325 quanquam
1684 1261 1791 1322 pro
1830 1240 2234 1322 magnitudine
2275 1239 2481 1301 delicti
2520 1261 2733 1322 parum
2770 1244 3009 1306 satisfa-

1100 1349 1283 1413 ceret,
1307 1349 1505 1400 tamen
1547 1339 1695 1418 quia
1731 1358 1893 1418 spem
1934 1337 2245 1420 praebebat
2266 1339 2697 1398 controversias
2721 1336 3015 1419 Illyricas

1099 1437 1254 1498 citra
1277 1435 1504 1497 bellum
1527 1436 1803 1515 componi
1830 1455 2019 1515 pooee,
2046 1435 2299 1494 inhiberi
2323 1434 2447 1494 vim
2483 1433 2738 1514 placuit,
2762 1437 3011 1518 petique

1103 1533 1182 1593 ad
1208 1553 1441 1615 poenam
1465 1551 1566 1592 eos
1589 1551 1628 1590 a
1651 1532 1869 1611 quibus
1892 1529 2182 1592 interfecti
2210 1529 2389 1609 legati
2416 1530 2790 1591 dicebantur.
2860 1531 3011 1594 Mu-

1103 1631 1214 1690 lier
1256 1649 1420 1690 arma
1457 1646 1596 1709 quae
1635 1628 1911 1686 timuerat
1944 1625 2169 1687 differri
2194 1625 2423 1698 videns,
2451 1627 2713 1688 vicissim
2739 1648 2818 1688 ex
2844 1637 3011 1690 metu

1105 1726 1183 1787 ad
1207 1728 1460 1810 priorem
1487 1723 1857 1783 insolentiam
1882 1723 2147 1803 rapiente
2170 1723 2355 1782 animi
2382 1723 2649 1795 levitate,
2675 1745 2873 1806 neque
2898 1725 3011 1786 de·

1105 1822 1362 1883 dituram
1387 1841 1450 1882 se
1477 1838 1815 1901 quenquam
1839 1819 2031 1889 dixit;
2082 1827 2145 1880 ει
2168 1828 2237 1879 ιιι
2260 1819 2435 1880 factis
2457 1840 2696 1900 quoque
2722 1820 3013 1883 ferociam

1044 1919 1457 1990 hostenderet,
1498 1937 1679 1997 quam
1717 1917 1915 1976 verbis
1958 1914 2319 1997 praetulerat,
2360 1917 2644 1978 continuo
2683 1919 2892 2000 copias
2932 1919 3013 1980 ad

1109 2015 1300 2076 Issam
1323 2012 1709 2075 obsidendam
1734 2013 1911 2072 misit.

1187 2118 1287 2176 27.
1331 2109 1478 2171 Non
1517 2129 1658 2188 ergo
1683 2109 1907 2169 diutius
1930 2109 2194 2170 cunctari
2230 2108 2445 2179 visum,
2469 2109 2615 2188 quin
2652 2111 2831 2171 ambo
2866 2132 3015 2174 con-

1107 2210 1264 2269 sules
1299 2208 1398 2285 (L.
1435 2206 1783 2267 Postumius
1817 2203 1905 2264 A.
1944 2204 2015 2264 F.
2056 2204 2141 2265 A.
2175 2203 2265 2264 N.
2304 2203 2571 2266 Albinus
2616 2206 2853 2279 iterum,
2890 2209 3015 2270 Cn.

1109 2305 1360 2366 Fulvius
1393 2303 1508 2364 Cn.
1539 2301 1610 2362 F.
1639 2301 1755 2362 Cn.
1783 2298 1873 2362 N.
1902 2299 2328 2361 Centumalus*
2356 2303 2490 2381 jam
2518 2303 2843 2384 iniverunt)
2872 2325 3015 2367 cum

1107 2401 1422 2462 navalibus
1441 2397 1925 2479 pedestribusque
1944 2397 2133 2478 copiis
2150 2397 2678 2478 proficiscerentur.
2723 2399 2843 2462 Cn.
2865 2401 3017 2462 Ful-

1108 2499 1242 2559 vius
1269 2497 1516 2558 classem
1555 2492 1816 2555 ducebat
1850 2494 2091 2554 navium
2123 2493 2534 2567 ducentarum,
2565 2495 2635 2556 L.
2663 2496 3019 2560 Postumius

1110 2595 1388 2675 legiones.
1449 2591 1606 2656 Tum
1633 2591 1845 2651 iterum
1869 2591 2076 2652 territa
2098 2589 2292 2652 Teuta
2318 2590 2689 2654 Demetrium
2716 2592 3019 2657 Pharium

1109 2692 1188 2753 ad
1212 2691 1484 2753 consules
1505 2708 1717 2771 pacem
1742 2688 1991 2768 petitum
2010 2688 2191 2748 misit.
2272 2688 2481 2768 Atque
2504 2689 2631 2749 illi⁸
2662 2691 3021 2771 pepigerunt

1105 2790 1398 2861 inducias,
1417 2789 1468 2849 si
1490 2785 1781 2865 Corcyra,
1802 2804 1981 2865 quam
1996 2806 2181 2866 nuper
2200 2794 2656 2866 occupaverant,
2680 2786 2889 2868 Illyrii
2904 2788 3017 2849 de-

1105 2886 1400 2947 cederent.
1484 2882 1789 2944 Profectis
1812 2880 1889 2941 ad
1914 2880 2315 2963 recipiendam
2337 2880 2665 2963 Corcyram
2692 2882 3021 2959 Romanis,

1107 2992 1390 3063 tanquam
1428 2980 1763 3058 longissime
1806 2986 1997 3039 metus
2034 2979 2224 3039 omnis
2262 2980 2655 3054 abscessisset,
2692 2980 2773 3041 ad
2814 2983 3021 3062 priora

1109 3079 1357 3140 consilia
1394 3077 1680 3137 relabitur
1722 3074 1939 3146 Teuta,
1981 3073 2405 3156 praefectosque
2448 3096 2585 3136 suos
2617 3075 2696 3137 ad
2739 3075 3019 3159 Dyrrha.

1026 3196 1091 3230 ιι.
1109 3176 1310 3236 chium
1349 3182 1411 3234 et
1446 3170 1838 3253 Apolloniam
1878 3169 2231 3231 obsidendas
2270 3172 2468 3233 mittit.
2548 3172 2709 3246 Alii,
2747 3193 2867 3235 non
2910 3196 3018 3237 vo-

1113 3270 1340 3331 luntate
1377 3268 1586 3329 Teutae
1623 3267 1889 3328 deditam
1934 3267 2283 3347 Corcyram,
2308 3268 2412 3329 sed
2452 3269 2745 3332 Demetrii
2780 3274 3021 3353 privato

1112 3366 1380 3438 consilio,
1427 3364 1694 3434 tradunt,
1736 3364 1841 3444 qui
1878 3364 2220 3425 criminibus
2268 3386 2331 3425 se
2378 3366 2539 3447 apud
2588 3366 2847 3429 Teutam
2890 3372 3021 3451 peti

1114 3484 1350 3545 gnarus,
1375 3462 1655 3523 adversus
1678 3460 1839 3521 illius
1864 3460 2232 3521 iracundiam
2266 3462 2596 3544 proditione
2631 3466 2889 3546 praesidii
2916 3468 3021 3528 cui

1114 3570 1364 3645 praeerat
1389 3557 1548 3641 apud
1578 3555 1885 3617 Romanos
1908 3556 2239 3638 perfugium
2260 3560 2375 3619 sibi
2401 3562 2758 3642 quaesiverit.
2841 3562 3017 3624 Prae-

1111 3658 1266 3720 sidio
1290 3657 1632 3739 Illyriorum
1656 3654 1899 3724 tradito,
1926 3653 2317 3735 Corcyrenses
2335 3658 2576 3738 publico
2600 3659 2851 3720 consilio
2878 3659 3019 3723 Ro-

1115 3756 1301 3815 manis
1323 3774 1386 3814 se
1410 3752 1745 3834 permisere,
1770 3750 1995 3811 nullam
2020 3751 2133 3810 sibi
2158 3752 2447 3834 reliquam
2474 3756 2683 3817 salutis
2704 3756 2865 3817 viam
2890 3776 3021 3820 ene

1114 3852 1250 3923 rati,
1275 3852 1387 3910 nisi
1426 3848 1693 3930 potentia
1716 3855 1839 3907 tam
1863 3848 2043 3909 εἰει-ω
2068 3849 2327 3911 civitatis
2350 3852 2632 3914 adversus
2667 3852 3019 3936 Illyriorum

1115 3948 1193 4028 inj
1203 3948 1360 4007 urias
1381 3930 1843 4027 protegerentur.

1194 4050 1295 4106 28.
1337 4042 1404 4104 A
1441 4042 1710 4123 Corcyra
1740 4037 1946 4101 consul
1973 4038 2367 4121 Apolloniam
2401 4064 2539 4106 eum
2578 4046 2771 4109 classe
2802 4050 3019 4131 petiit:

1663 4189 1696 4237 8
1731 4184 1867 4236 Edd.
1888 4192 2013 4235 ante
2034 4186 2189 4239 Crev.
2223 4188 2381 4253 Atqui
2402 4190 2495 4243 mi.

1908 4312 2085 4335 ”0000
2088 4312 2205 4334 mo
2209 4314 2267 4334 ‘O

1700 4392 1727 4429 ὅ
1760 4395 1825 4447 Α.
1850 4396 1917 4446 U·
1941 4396 2003 4449 C·
2023 4400 2137 4449 52³.
2174 4397 2242 4450 A.
2270 4398 2330 4451 C.
2354 4403 2471 4452 22⁹.
