3300 5225
859 492 1065 543 unm
1116 492 1291 543 xix.
1332 490 1979 543 susrnsunn‘ruu.
2354 472 2529 543 16oe

379 640 481 699 ⁶2.
523 634 680 696 Tum
704 656 846 698 vero
872 635 1134 699 Romani
1163 656 1352 697 mores
1375 634 1667 697 laboranti
1686 634 2026 716 reipublicae
2050 640 2199 695 tem-

303 734 535 817 pestivo
559 734 788 794 auxilio
811 734 1154 794 subvenere.
1239 732 1482 815 Quippe
1519 740 1691 793 tanta
1720 731 1835 791 fuit
1867 742 2203 793 senatorum

293 852 373 893 ec»⁴
391 840 657 913 tempore
694 832 1076 911 generositas,
1103 839 1171 891 ut
1213 832 1273 891 in
1314 830 1552 912 publico
1593 828 1927 891 discrimine
1958 829 2204 911 privatis

299 930 518 1011 opibus
539 928 791 1011 puderet
827 948 1090 1009 parcere,
1118 928 1369 1010 plusque
1393 929 1594 989 statim
1619 928 1887 1009 pecuniae
1926 928 2207 1009 reperire·-

295 1036 414 1097 tur,
441 1046 622 1107 quam
650 1026 772 1086 ad'
755 1046 1080 1107 impensam
1118 1024 1323 1087 classis
1349 1046 1496 1107 opus
1520 1033 1708 1085 esset:
1754 1044 1893 1085 nam
1928 1045 2007 1085 ex
2033 1024 2202 1085 ditis-

295 1124 462 1184 simis
503 1122 742 1203 singuli,
788 1123 1036 1184 aliorum
1076 1124 1202 1184 bini
1246 1122 1494 1194 ternive,
1539 1131 1608 1182 ut
1647 1120 1967 1185 facultates
2010 1130 2198 1194 erant,

293 1221 776 1302 quinqueremem
801 1240 979 1281 unam
1017 1240 1154 1281 cum
1199 1220 1576 1281 armamentis
1615 1219 1889 1281 omnibus
1918 1221 2201 1299 justoque

294 1318 542 1397 remigio
579 1317 974 1399 pmtandam
1015 1319 1434 1399 suscipiebant,
1472 1337 1546 1377 ea
1581 1316 1735 1396 lege,
1772 1324 1860 1388 nt,
1896 1315 2203 1397 republica

295 1415 603 1476 meliorem
627 1416 688 1475 in
716 1424 936 1475 statum
973 1436 1223 1487 reversa,
1251 1435 1359 1475 sua
1397 1416 1610 1496 cuique
1637 1413 1891 1497 pecunia
1929 1413 2199 1475 restitue-

293 1522 472 1573 retur.
559 1510 706 1573 Hac
732 1533 876 1573 cura
889 1512 1252 1595 consilioque
1279 1514 1727 1593 quinqueremes
1739 1511 2013 1572 ducentae
2036 1531 2199 1572 com-

291 1618 521 1691 lnratoe
561 1618 720 1682 sunt,
746 1630 894 1691 quas
932 1610 1010 1671 ad
1052 1610 1392 1691 exemplum
1437 1609 1606 1670 navis
1655 1629 1791 1690 quae
1833 1598 2203 1670 Hannibalis

299 1705 534 1767 Rhodii
559 1706 752 1768 fuerat
790 1705 1166 1769 fabricandas
1191 1715 1564 1769 curaverunt.
1653 1706 1883 1785 Magna
1916 1704 2052 1767 inde
2093 1721 2228 1767 ex··

293 1804 562 1885 pectatio
585 1803 721 1876 fuit,
741 1806 916 1865 certis
937 1803 1244 1865 hominum
1271 1804 1501 1875 animis,
1529 1802 1691 1884 quod
1720 1802 1798 1864 ad
1820 1812 2085 1864 extrema
2109 1824 2200 1865 re-

293 1899 496 1961 media
519 1910 762 1963 ventum
789 1910 966 1974 esset,
993 1902 1108 1977 hac
1133 1901 1324 1963 classe
1349 1900 1424 1961 de
1451 1918 1679 1961 summa
1703 1900 1851 1961 belli
1878 1901 2203 1963 necessario

293 1996 604 2059 decretum
629 1998 720 2059 iri.

374 2102 478 2156 53.
525 2096 691 2157 Dum
716 2096 844 2156 haec
869 2096 958 2157 ita
983 2094 1156 2168 fiunt,
1197 2094 1566 2157 consulatum
1604 2094 1680 2155 C.
1720 2095 1995 2157 Lutatius
2023 2094 2098 2155 C.
2128 2093 2199 2155 F.

297 2190 373 2253 G.
397 2191 494 2254 N.
520 2191 798 2266 Catulus,
827 2192 913 2253 A.
944 2193 1294 2254 Postumius
1321 2191 1406 2252 A.
1439 2192 1513 2255 F.
1544 2190 1616 2253 L.
1651 2190 1745 2254 N.
1770 2192 2058 2265 Albinus,
2088 2192 2201 2252 ini-

289 2308 451 2351 vere.
453 2286 484 2325 ἕ
565 2289 924 2351 Flaminium
952 2290 1236 2351 Martiale
1262 2289 1351 2351 A.
1381 2289 1732 2350 Postumius
1758 2290 2057 2350 babebat.
2042 2310 2057 2325 ·
2100 2310 2201 2349 eo-
2258 2297 2351 2348 Ην
2354 2298 2480 2367 .Epi
2460 2306 2519 2355 ιι.

291 2407 408 2466 que
461 2387 826 2467 provinciam
870 2388 1061 2448 sortiri
1100 2389 1440 2469 cupientem
1481 2386 1554 2448 L.
1594 2386 1876 2448 Caecilius
1918 2380 2259 2447 Metellus¹
2255 2430 2374 2481 ,rw
2398 2446 2467 2479 m

291 2483 565 2564 pontifex
593 2484 886 2546 maximus
909 2486 1072 2546 dicta
1095 2485 1319 2546 mulcta
1341 2485 1663 2568 probibuit,
1700 2504 1924 2564 negans
1960 2484 2055 2545 fas
2076 2504 2203 2545 esse
2224 2494 2357 2547 Ann.
2376 2465 2489 2547 ⁶11.⁰

291 2578 520 2642 flamini
550 2602 589 2642 a
611 2582 792 2643 sacris
815 2581 1126 2644 recedere·
1165 2584 1338 2664 cujus
1362 2581 1508 2644 facti
1531 2583 1950 2694 posterioribus
1968 2602 2203 2664 quoque
2228 2561 2532 2680 νῖιῖΜΨ

291 2679 659 2759 temporibus
682 2681 936 2761 probata
959 2682 1113 2742 ratio
1144 2691 1254 2744 est.
1336 2680 1531 2743 Aliud
1572 2681 1634 2741 in
1673 2680 1896 2742 tuenda
1918 2680 2205 2759 religione
2258 2708 2349 2758 cic
2351 2707 2509 2761 pm

291 2775 490 2856 patria
512 2777 854 2859 exemplum
895 2777 1103 2840 iisdem
1128 2779 1490 2862 temporibus
1511 2785 1751 2839 senatus
1780 2777 1989 2850 edidit,
2015 2778 2203 2839 vetito
2225 2778 2377 2890 Σίνιδι·
2388 2839 2527 2890 Mu.

295 2871 370 2933 C.
401 2873 647 2936 Lutatio
671 2875 914 2937 consule
941 2876 1346 2938 Praenestinas
1375 2885 1558 2938 sortes
1588 2875 1917 2949 consulere,
1946 2875 2203 2958 peregri·
2226 2912 2269 2953 5,
2288 2911 2338 2958 8.
2362 2909 2409 2956 1.
2518 2952 2525 2961 ⁹

295 2971 460 3032 nisve
487 2973 764 3054 auspiciis
805 2974 864 3033 in
898 2973 1364 3035 administranda
1405 2971 1713 3054 republica
1750 2974 1856 3032 uti.
1938 2971 2094 3032 Tum
2122 2971 2205 3034 ad

293 3067 442 3130 belli
469 3089 674 3130 curam
713 3071 1006 3132 conversis
1031 3071 1264 3144 animis,
1305 3072 1454 3152 quia
1482 3089 1673 3150 neque
1700 3069 1881 3132 salvis
1902 3070 2203 3150 religioni·

293 3165 408 3225 bus
429 3167 610 3227 ambo
629 3155 904 3228 'consules
929 3167 1222 3249 proficisci
1246 3188 1440 3250 posse,
1467 3187 1659 3248 neque
1684 3187 1831 3227 unus
1854 3177 2025 3228 tanto
2040 3167 2204 3229 oneri

291 3263 646 3325 suffecturus
693 3264 1028 3337 videbatur,
1087 3265 1338 3326 alterum
1387 3285 1466 3326 ex
1515 3265 1882 3348 praetoribus,
1934 3285 2070 3326 cum
2126 3285 2199 3326 eo
2256 3267 2364 3324 Liv.
2396 3269 2531 3337 Epit.

291 3361 547 3442 primum
581 3382 738 3423 anno
778 3363 966 3423 creari
995 3363 1114 3424 duo
1155 3364 1490 3445 coepissent,
1517 3382 1654 3423 cum
1692 3361 1769 3423 C.
1799 3362 2040 3424 Lutatio
2065 3383 2201 3444 pro-
2224 3349 2348 3386 ¹¹¹·

191 3463 220 3476 ⁹
289 3455 482 3518 ficisci
507 3457 770 3540 placuit:
813 3481 888 3520 ea
913 3461 1218 3541 provincia
1244 3461 1328 3528 Q.
1364 3459 1615 3521 Valerio
1658 3459 1897 3520 Faltoni
1934 3460 2199 3521 obvenit.
2222 3465 2395 3517 Zonar-

293 3552 392 3615 Hi
417 3575 554 3616 cum
578 3575 783 3617 omnes
805 3566 868 3618 et
902 3557 1194 3639 publicas,
1234 3567 1298 3619 et
1341 3559 1702 3640 privatorum
1740 3577 1919 3617 naves
1942 3556 2201 3619 studiose

290 3650 696 3732 collegissent,
745 3674 986 3715 numero
1027 3656 1258 3716 circiter
1303 3663 1693 3716 trecentarum
1745 3653 2011 3736 expleto,
2063 3675 2201 3715 cum
2224 3659 2461 3713 Eutr.l.1

291 3749 655 3829 pontonibus
679 3750 930 3833 aliisque
967 3753 1220 3833 navigiis
1259 3753 1663 3836 septingentis,
1707 3751 1975 3813 Siciliam
2000 3753 2199 3814 statim
2222 3679 2529 3844 Lmstssl·

291 3854 474 3926 atque
499 3847 724 3908 remisit
745 3847 952 3930 hyems
973 3851 1252 3932 petivere.
2222 3857 2297 3908 Po
2266 3857 2423 3925 olyba
2428 3862 2529 3910 .59.

372 3948 476 4004 54.
520 3943 916 4008 Venientibus
951 3946 1257 4009 confestim
1291 3946 1703 4028 Lilybaetanus
1732 3944 2200 4029 Drepanitanus-

289 4057 410 4120 que
457 4051 662 4136 portus
712 4052 1064 4125 patuerunt:
1125 4047 1348 4128 quippe
1397 4045 1595 4106 hostes
1643 4044 1815 4105 nulla
1868 4044 2205 4126 suspicione

285 4136 498 4199 classis
537 4160 622 4201 ex
663 4139 854 4202 Italia
893 4153 1156 4204 venturae
1195 4163 1332 4204 cum
1375 4143 1644 4205 omnibus
1684 4143 1803 4202 suis
1847 4141 2097 4203 navibus
2137 4141 2201 4202 in

287 4231 572 4298 Africam
597 4239 842 4320 regressi
863 4239 1112 4302 fuerant.
1197 4239 1345 4302 Hoc
1367 4251 1492 4301 tam
1516 4259 1793 4323 prospero
1816 4259 2007 4301 rerum
2032 4238 2203 4301 initio

1027 4409 1053 4445 ¹¹
1087 4411 1153 4464 A.
1176 4411 1245 4464 11.
1266 4411 1330 4463 C.
1351 4413 1465 4463 51⁰.
1495 4409 1564 4463 Α.
1587 4411 1648 4463 C.
1670 4415 1789 4464 242.

425 4505 604 4571 Delph.
623 4511 670 4557 et
699 4507 817 4561 Ver.
837 4507 968 4562 clm.
1319 4511 1506 4562 Livias.
2276 4517 2305 4564 ⁶
2343 4509 2393 4564 0
