<?xml version="1.0" encoding="UTF-8"?>
<!DOCTYPE html PUBLIC "-//W3C//DTD XHTML 1.0 Transitional//EN"
    "http://www.w3.org/TR/xhtml1/DTD/xhtml1-transitional.dtd">
<html xmlns="http://www.w3.org/1999/xhtml" xml:lang="en" lang="en">
 <head>
  <title>
</title>
<meta http-equiv="Content-Type" content="text/html;charset=utf-8" />
  <meta name='ocr-system' content='tesseract 3.04.00' />
  <meta name='ocr-capabilities' content='ocr_page ocr_carea ocr_par ocr_line ocrx_word'/>
</head>
<body>
  <div class='ocr_page' id='page_1' title='image "./tliviipatavinih19unkngoog_0498.png"; bbox 0 0 3300 5225; ppageno 0'>
   <div class='ocr_carea' id='block_1_1' title="bbox 1121 433 2615 504">
    <p class='ocr_par' dir='ltr' id='par_1_1' title="bbox 1121 433 2615 504">
     <span class='ocr_line' id='line_1_1' title="bbox 1121 433 2615 504; baseline 0.007 -10"><span class='ocrx_word' id='word_1_1' title='bbox 1121 445 1268 495; x_wconf 79' lang='lat' dir='ltr'>mn.</span> <span class='ocrx_word' id='word_1_2' title='bbox 1315 445 1542 496; x_wconf 73' lang='lat' dir='ltr'>xxiv.</span> <span class='ocrx_word' id='word_1_3' title='bbox 1589 445 1758 496; x_wconf 64' lang='lat' dir='ltr'>car.</span> <span class='ocrx_word' id='word_1_4' title='bbox 1794 433 1907 498; x_wconf 88' lang='grc'>47.</span> <span class='ocrx_word' id='word_1_5' title='bbox 2436 435 2615 504; x_wconf 71' lang='lat' dir='ltr'>20oe</span> 
     </span>
    </p>
   </div>
   <div class='ocr_carea' id='block_1_2' title="bbox 408 591 2643 3659">
    <p class='ocr_par' dir='ltr' id='par_1_2' title="bbox 408 591 2643 3659">
     <span class='ocr_line' id='line_1_2' title="bbox 410 591 2615 679; baseline -0.002 -15"><span class='ocrx_word' id='word_1_6' title='bbox 410 592 846 672; x_wconf 75' lang='lat' dir='ltr'><strong>Hannibalis,</strong></span> <span class='ocrx_word' id='word_1_7' title='bbox 883 591 1181 678; x_wconf 88' lang='lat' dir='ltr'>quinque</span> <span class='ocrx_word' id='word_1_8' title='bbox 1219 591 1436 657; x_wconf 85' lang='lat' dir='ltr'>millia</span> <span class='ocrx_word' id='word_1_9' title='bbox 1473 591 1678 658; x_wconf 84' lang='lat' dir='ltr'>ferme</span> <span class='ocrx_word' id='word_1_10' title='bbox 1716 596 2149 658; x_wconf 86' lang='lat' dir='ltr'>armatorum:</span> <span class='ocrx_word' id='word_1_11' title='bbox 2194 599 2265 658; x_wconf 88' lang='lat' dir='ltr'>et</span> <span class='ocrx_word' id='word_1_12' title='bbox 2303 593 2443 679; x_wconf 88' lang='lat' dir='ltr'>ipsi</span> <span class='ocrx_word' id='word_1_13' title='bbox 2480 595 2615 664; x_wconf 82' lang='lat' dir='ltr'>Ar-</span> 
     </span>
     <span class='ocr_line' id='line_1_3' title="bbox 408 693 2613 782; baseline -0 -18"><span class='ocrx_word' id='word_1_14' title='bbox 408 699 554 782; x_wconf 85' lang='lat' dir='ltr'><strong>pini</strong></span> <span class='ocrx_word' id='word_1_15' title='bbox 595 697 724 764; x_wconf 88' lang='lat' dir='ltr'>tria</span> <span class='ocrx_word' id='word_1_16' title='bbox 763 695 979 762; x_wconf 88' lang='lat' dir='ltr'>millia</span> <span class='ocrx_word' id='word_1_17' title='bbox 1013 693 1350 759; x_wconf 87' lang='lat' dir='ltr'>hominum</span> <span class='ocrx_word' id='word_1_18' title='bbox 1389 695 1808 760; x_wconf 81' lang='lat' dir='ltr'>armabant.¹⁵</span> <span class='ocrx_word' id='word_1_19' title='bbox 1913 693 2052 758; x_wconf 87' lang='lat' dir='ltr'>Eos</span> <span class='ocrx_word' id='word_1_20' title='bbox 2086 695 2341 778; x_wconf 86' lang='lat' dir='ltr'>primos</span> <span class='ocrx_word' id='word_1_21' title='bbox 2383 696 2613 778; x_wconf 89' lang='lat' dir='ltr'>Poeni,</span> 
     </span>
     <span class='ocr_line' id='line_1_4' title="bbox 409 795 2615 886; baseline 0 -20"><span class='ocrx_word' id='word_1_22' title='bbox 409 820 496 868; x_wconf 89' lang='lat' dir='ltr'>ne</span> <span class='ocrx_word' id='word_1_23' title='bbox 519 799 682 886; x_wconf 90' lang='lat' dir='ltr'>quid</span> <span class='ocrx_word' id='word_1_24' title='bbox 715 799 804 864; x_wconf 90' lang='lat' dir='ltr'>ab</span> <span class='ocrx_word' id='word_1_25' title='bbox 835 802 1018 881; x_wconf 87' lang='lat' dir='ltr'>tergo</span> <span class='ocrx_word' id='word_1_26' title='bbox 1045 795 1310 862; x_wconf 86' lang='lat' dir='ltr'>fraudis</span> <span class='ocrx_word' id='word_1_27' title='bbox 1341 803 1549 875; x_wconf 87' lang='lat' dir='ltr'>esset,</span> <span class='ocrx_word' id='word_1_28' title='bbox 1579 796 1761 862; x_wconf 89' lang='lat' dir='ltr'>hosti</span> <span class='ocrx_word' id='word_1_29' title='bbox 1790 803 2264 881; x_wconf 86' lang='lat' dir='ltr'>opposuerunt.</span> <span class='ocrx_word' id='word_1_30' title='bbox 2349 797 2615 884; x_wconf 80' lang='lat' dir='ltr'>Pugna-</span> 
     </span>
     <span class='ocr_line' id='line_1_5' title="bbox 412 898 2619 987; baseline 0 -16"><span class='ocrx_word' id='word_1_31' title='bbox 412 912 558 971; x_wconf 86' lang='lat' dir='ltr'>tum</span> <span class='ocrx_word' id='word_1_32' title='bbox 605 902 823 987; x_wconf 89' lang='lat' dir='ltr'>primo</span> <span class='ocrx_word' id='word_1_33' title='bbox 867 901 938 964; x_wconf 91' lang='lat' dir='ltr'>in</span> <span class='ocrx_word' id='word_1_34' title='bbox 984 898 1274 966; x_wconf 89' lang='lat' dir='ltr'>tenebris</span> <span class='ocrx_word' id='word_1_35' title='bbox 1309 900 1743 986; x_wconf 85' lang='lat' dir='ltr'>angustisque</span> <span class='ocrx_word' id='word_1_36' title='bbox 1788 901 1919 966; x_wconf 85' lang='lat' dir='ltr'>viis</span> <span class='ocrx_word' id='word_1_37' title='bbox 1950 906 2093 983; x_wconf 82' lang='lat' dir='ltr'>est3</span> <span class='ocrx_word' id='word_1_38' title='bbox 2137 920 2292 966; x_wconf 87' lang='lat' dir='ltr'>cum</span> <span class='ocrx_word' id='word_1_39' title='bbox 2322 900 2619 972; x_wconf 85' lang='lat' dir='ltr'>Romani</span> 
     </span>
     <span class='ocr_line' id='line_1_6' title="bbox 411 993 2619 1089; baseline -0.001 -15"><span class='ocrx_word' id='word_1_40' title='bbox 411 1026 554 1074; x_wconf 91' lang='lat' dir='ltr'>non</span> <span class='ocrx_word' id='word_1_41' title='bbox 584 1007 735 1072; x_wconf 86' lang='lat' dir='ltr'>vias</span> <span class='ocrx_word' id='word_1_42' title='bbox 762 1009 1040 1082; x_wconf 88' lang='lat' dir='ltr'>tantum,</span> <span class='ocrx_word' id='word_1_43' title='bbox 1070 1001 1190 1067; x_wconf 90' lang='lat' dir='ltr'>sed</span> <span class='ocrx_word' id='word_1_44' title='bbox 1216 1007 1397 1068; x_wconf 90' lang='lat' dir='ltr'>tecta</span> <span class='ocrx_word' id='word_1_45' title='bbox 1423 1001 1625 1068; x_wconf 85' lang='lat' dir='ltr'>etiam</span> <span class='ocrx_word' id='word_1_46' title='bbox 1654 993 1966 1085; x_wconf 84' lang='lat' dir='ltr'>proxima</span> <span class='ocrx_word' id='word_1_47' title='bbox 2002 1009 2248 1087; x_wconf 79' lang='lat' dir='ltr'>portae,</span> <span class='ocrx_word' id='word_1_48' title='bbox 2280 1023 2619 1089; x_wconf 89' lang='lat' dir='ltr'>occupas-</span> 
     </span>
     <span class='ocr_line' id='line_1_7' title="bbox 415 1104 2621 1192; baseline -0 -14"><span class='ocrx_word' id='word_1_49' title='bbox 415 1115 586 1188; x_wconf 83' lang='lat' dir='ltr'><strong>sent,</strong></span> <span class='ocrx_word' id='word_1_50' title='bbox 613 1128 694 1172; x_wconf 91' lang='lat' dir='ltr'>no</span> <span class='ocrx_word' id='word_1_51' title='bbox 723 1107 867 1192; x_wconf 90' lang='lat' dir='ltr'>peti</span> <span class='ocrx_word' id='word_1_52' title='bbox 903 1125 1196 1189; x_wconf 88' lang='lat' dir='ltr'>superne</span> <span class='ocrx_word' id='word_1_53' title='bbox 1245 1124 1330 1170; x_wconf 88' lang='lat' dir='ltr'>ae</span> <span class='ocrx_word' id='word_1_54' title='bbox 1379 1104 1709 1172; x_wconf 81' lang='lat' dir='ltr'>vulnerari</span> <span class='ocrx_word' id='word_1_55' title='bbox 1750 1111 2053 1190; x_wconf 81' lang='lat' dir='ltr'><strong>possent.</strong></span> <span class='ocrx_word' id='word_1_56' title='bbox 2141 1104 2409 1190; x_wconf 80' lang='lat' dir='ltr'>cogniti</span> <span class='ocrx_word' id='word_1_57' title='bbox 2446 1109 2621 1176; x_wconf 89' lang='lat' dir='ltr'>inter</span> 
     </span>
     <span class='ocr_line' id='line_1_8' title="bbox 415 1207 2623 1298; baseline 0 -18"><span class='ocrx_word' id='word_1_58' title='bbox 415 1233 492 1280; x_wconf 89' lang='lat' dir='ltr'>se</span> <span class='ocrx_word' id='word_1_59' title='bbox 535 1209 696 1298; x_wconf 88' lang='lat' dir='ltr'>quid</span> <span class='ocrx_word' id='word_1_60' title='bbox 705 1229 813 1275; x_wconf 87' lang='lat' dir='ltr'>am</span> <span class='ocrx_word' id='word_1_61' title='bbox 871 1209 1244 1293; x_wconf 83' lang='lat' dir='ltr'>Arpinique</span> <span class='ocrx_word' id='word_1_62' title='bbox 1305 1211 1374 1274; x_wconf 90' lang='lat' dir='ltr'>et</span> <span class='ocrx_word' id='word_1_63' title='bbox 1423 1208 1755 1291; x_wconf 81' lang='lat' dir='ltr'>Romani3</span> <span class='ocrx_word' id='word_1_64' title='bbox 1820 1217 2023 1295; x_wconf 88' lang='lat' dir='ltr'>atque</span> <span class='ocrx_word' id='word_1_65' title='bbox 2068 1207 2225 1274; x_wconf 89' lang='lat' dir='ltr'>inde</span> <span class='ocrx_word' id='word_1_66' title='bbox 2275 1209 2623 1296; x_wconf 83' lang='lat' dir='ltr'>colloquia</span> 
     </span>
     <span class='ocr_line' id='line_1_9' title="bbox 413 1310 2621 1399; baseline -0.001 -16"><span class='ocrx_word' id='word_1_67' title='bbox 413 1321 648 1399; x_wconf 87' lang='lat' dir='ltr'>coepta</span> <span class='ocrx_word' id='word_1_68' title='bbox 675 1313 846 1392; x_wconf 86' lang='lat' dir='ltr'>fieri,</span> <span class='ocrx_word' id='word_1_69' title='bbox 877 1311 1469 1397; x_wconf 79' lang='lat' dir='ltr'><strong>percunctantibus</strong></span> <span class='ocrx_word' id='word_1_70' title='bbox 1500 1310 1857 1390; x_wconf 83' lang='lat' dir='ltr'>Romanis,</span> <span class='ocrx_word' id='word_1_71' title='bbox 1876 1310 2035 1396; x_wconf 83' lang='lat' dir='ltr'>quid</span> <span class='ocrx_word' id='word_1_72' title='bbox 2056 1311 2189 1378; x_wconf 90' lang='lat' dir='ltr'>sibi</span> <span class='ocrx_word' id='word_1_73' title='bbox 2216 1312 2465 1380; x_wconf 81' lang='lat' dir='ltr'>vellent</span> <span class='ocrx_word' id='word_1_74' title='bbox 2490 1311 2621 1381; x_wconf 84' lang='lat' dir='ltr'>Ar-</span> 
     </span>
     <span class='ocr_line' id='line_1_10' title="bbox 417 1413 2623 1504; baseline -0 -21"><span class='ocrx_word' id='word_1_75' title='bbox 417 1418 605 1504; x_wconf 83' lang='lat' dir='ltr'>pini3</span> <span class='ocrx_word' id='word_1_76' title='bbox 650 1435 854 1501; x_wconf 89' lang='lat' dir='ltr'>quam</span> <span class='ocrx_word' id='word_1_77' title='bbox 891 1416 980 1480; x_wconf 89' lang='lat' dir='ltr'>ob</span> <span class='ocrx_word' id='word_1_78' title='bbox 1027 1433 1272 1480; x_wconf 83' lang='lat' dir='ltr'><strong>noxam</strong></span> <span class='ocrx_word' id='word_1_79' title='bbox 1319 1413 1808 1493; x_wconf 86' lang='lat' dir='ltr'>Romanorum,</span> <span class='ocrx_word' id='word_1_80' title='bbox 1840 1415 2023 1500; x_wconf 90' lang='lat' dir='ltr'>quod</span> <span class='ocrx_word' id='word_1_81' title='bbox 2076 1419 2193 1478; x_wconf 83' lang='lat' dir='ltr'>aut</span> <span class='ocrx_word' id='word_1_82' title='bbox 2232 1415 2547 1482; x_wconf 79' lang='lat' dir='ltr'>meritum</span> <span class='ocrx_word' id='word_1_83' title='bbox 2566 1415 2623 1458; x_wconf 82' lang='lat'>¹⁶</span> 
     </span>
     <span class='ocr_line' id='line_1_11' title="bbox 419 1515 2623 1600; baseline 0.001 -16"><span class='ocrx_word' id='word_1_84' title='bbox 419 1521 813 1595; x_wconf 86' lang='lat' dir='ltr'>Poenorum,</span> <span class='ocrx_word' id='word_1_85' title='bbox 843 1535 966 1600; x_wconf 89' lang='lat' dir='ltr'>pro</span> <span class='ocrx_word' id='word_1_86' title='bbox 998 1515 1394 1598; x_wconf 82' lang='lat' dir='ltr'>alienigenis</span> <span class='ocrx_word' id='word_1_87' title='bbox 1423 1534 1510 1581; x_wconf 86' lang='lat' dir='ltr'>ac</span> <span class='ocrx_word' id='word_1_88' title='bbox 1553 1516 1857 1582; x_wconf 86' lang='lat' dir='ltr'>barbaris</span> <span class='ocrx_word' id='word_1_89' title='bbox 1888 1516 2119 1582; x_wconf 86' lang='lat' dir='ltr'>Italici</span> <span class='ocrx_word' id='word_1_90' title='bbox 2148 1517 2477 1586; x_wconf 84' lang='lat' dir='ltr'>adversus</span> <span class='ocrx_word' id='word_1_91' title='bbox 2503 1539 2623 1586; x_wconf 83' lang='lat' dir='ltr'>ve-</span> 
     </span>
     <span class='ocr_line' id='line_1_12' title="bbox 419 1619 2623 1706; baseline 0 -17"><span class='ocrx_word' id='word_1_92' title='bbox 419 1631 597 1690; x_wconf 81' lang='lat' dir='ltr'>teres</span> <span class='ocrx_word' id='word_1_93' title='bbox 645 1622 874 1686; x_wconf 91' lang='lat' dir='ltr'>socios</span> <span class='ocrx_word' id='word_1_94' title='bbox 921 1619 1272 1685; x_wconf 88' lang='lat' dir='ltr'>Romanos</span> <span class='ocrx_word' id='word_1_95' title='bbox 1315 1619 1570 1684; x_wconf 88' lang='lat' dir='ltr'>bellum</span> <span class='ocrx_word' id='word_1_96' title='bbox 1617 1625 1931 1703; x_wconf 83' lang='lat' dir='ltr'>gererent,</span> <span class='ocrx_word' id='word_1_97' title='bbox 1982 1626 2053 1688; x_wconf 90' lang='lat' dir='ltr'>et</span> <span class='ocrx_word' id='word_1_98' title='bbox 2096 1621 2499 1706; x_wconf 82' lang='lat' dir='ltr'>vectigalem</span> <span class='ocrx_word' id='word_1_99' title='bbox 2540 1642 2623 1690; x_wconf 87' lang='lat' dir='ltr'>ac</span> 
     </span>
     <span class='ocr_line' id='line_1_13' title="bbox 421 1721 2627 1810; baseline 0 -20"><span class='ocrx_word' id='word_1_100' title='bbox 421 1724 922 1810; x_wconf 80' lang='lat' dir='ltr'>stipendiariam</span> <span class='ocrx_word' id='word_1_101' title='bbox 963 1721 1236 1796; x_wconf 87' lang='lat' dir='ltr'>Italiam</span> <span class='ocrx_word' id='word_1_102' title='bbox 1272 1721 1531 1789; x_wconf 79' lang='lat' dir='ltr'>Africae</span> <span class='ocrx_word' id='word_1_103' title='bbox 1557 1722 1907 1790; x_wconf 64' lang='lat' dir='ltr'>facerent?</span> <span class='ocrx_word' id='word_1_104' title='bbox 1974 1722 2259 1809; x_wconf 75' lang='lat' dir='ltr'>Arpinis</span> <span class='ocrx_word' id='word_1_105' title='bbox 2288 1725 2627 1810; x_wconf 86' lang='lat' dir='ltr'>purganti·</span> 
     </span>
     <span class='ocr_line' id='line_1_14' title="bbox 422 1825 2627 1911; baseline 0.001 -18"><span class='ocrx_word' id='word_1_106' title='bbox 422 1831 572 1907; x_wconf 87' lang='lat' dir='ltr'>bus,</span> <span class='ocrx_word' id='word_1_107' title='bbox 595 1829 863 1911; x_wconf 84' lang='lat' dir='ltr'>ignaros</span> <span class='ocrx_word' id='word_1_108' title='bbox 891 1825 1186 1892; x_wconf 88' lang='lat' dir='ltr'>omnium</span> <span class='ocrx_word' id='word_1_109' title='bbox 1210 1844 1286 1889; x_wconf 90' lang='lat' dir='ltr'>se</span> <span class='ocrx_word' id='word_1_110' title='bbox 1313 1843 1562 1892; x_wconf 84' lang='lat' dir='ltr'>venum</span> <span class='ocrx_word' id='word_1_111' title='bbox 1591 1845 1634 1892; x_wconf 90' lang='lat' dir='ltr'>a</span> <span class='ocrx_word' id='word_1_112' title='bbox 1660 1825 2081 1911; x_wconf 85' lang='lat' dir='ltr'>principibus</span> <span class='ocrx_word' id='word_1_113' title='bbox 2103 1825 2302 1892; x_wconf 88' lang='lat' dir='ltr'>datos</span> <span class='ocrx_word' id='word_1_114' title='bbox 2326 1827 2627 1909; x_wconf 87' lang='lat' dir='ltr'>Poeno,¹⁷</span> 
     </span>
     <span class='ocr_line' id='line_1_15' title="bbox 425 1927 2627 2016; baseline 0 -19"><span class='ocrx_word' id='word_1_115' title='bbox 425 1938 670 2015; x_wconf 85' lang='lat' dir='ltr'>captos</span> <span class='ocrx_word' id='word_1_116' title='bbox 712 1947 1216 2013; x_wconf 88' lang='lat' dir='ltr'>oppressosque</span> <span class='ocrx_word' id='word_1_117' title='bbox 1263 1946 1306 1993; x_wconf 88' lang='lat' dir='ltr'>a</span> <span class='ocrx_word' id='word_1_118' title='bbox 1355 1928 1596 2012; x_wconf 86' lang='lat' dir='ltr'>paucis</span> <span class='ocrx_word' id='word_1_119' title='bbox 1638 1948 1819 1995; x_wconf 89' lang='lat' dir='ltr'>esse.</span> <span class='ocrx_word' id='word_1_120' title='bbox 1906 1927 2115 1996; x_wconf 87' lang='lat' dir='ltr'>Initio</span> <span class='ocrx_word' id='word_1_121' title='bbox 2158 1930 2353 2009; x_wconf 62' lang='lat' dir='ltr'>orto,⁵</span> <span class='ocrx_word' id='word_1_122' title='bbox 2403 1932 2627 2016; x_wconf 87' lang='lat' dir='ltr'>plures</span> 
     </span>
     <span class='ocr_line' id='line_1_16' title="bbox 427 2030 2631 2118; baseline 0 -18"><span class='ocrx_word' id='word_1_123' title='bbox 427 2054 584 2100; x_wconf 91' lang='lat' dir='ltr'>cum</span> <span class='ocrx_word' id='word_1_124' title='bbox 627 2033 936 2118; x_wconf 88' lang='lat' dir='ltr'>pluribus</span> <span class='ocrx_word' id='word_1_125' title='bbox 967 2031 1280 2116; x_wconf 88' lang='lat' dir='ltr'>colloqui.</span> <span class='ocrx_word' id='word_1_126' title='bbox 1367 2030 1720 2098; x_wconf 88' lang='lat' dir='ltr'>Postremo</span> <span class='ocrx_word' id='word_1_127' title='bbox 1757 2038 2015 2116; x_wconf 63' lang='lat' dir='ltr'>praetor</span> <span class='ocrx_word' id='word_1_128' title='bbox 2042 2031 2337 2118; x_wconf 82' lang='lat' dir='ltr'>Arpinus</span> <span class='ocrx_word' id='word_1_129' title='bbox 2370 2037 2459 2101; x_wconf 88' lang='lat' dir='ltr'>ab</span> <span class='ocrx_word' id='word_1_130' title='bbox 2489 2036 2631 2101; x_wconf 90' lang='lat' dir='ltr'>suis</span> 
     </span>
     <span class='ocr_line' id='line_1_17' title="bbox 427 2132 2633 2223; baseline 0.001 -22"><span class='ocrx_word' id='word_1_131' title='bbox 427 2138 516 2203; x_wconf 87' lang='lat' dir='ltr'>ad</span> <span class='ocrx_word' id='word_1_132' title='bbox 548 2136 886 2201; x_wconf 88' lang='lat' dir='ltr'>consulem</span> <span class='ocrx_word' id='word_1_133' title='bbox 917 2132 1282 2213; x_wconf 82' lang='lat' dir='ltr'>deductus3</span> <span class='ocrx_word' id='word_1_134' title='bbox 1327 2133 1591 2219; x_wconf 87' lang='lat' dir='ltr'>fideque</span> <span class='ocrx_word' id='word_1_135' title='bbox 1639 2135 1797 2200; x_wconf 85' lang='lat' dir='ltr'>data</span> <span class='ocrx_word' id='word_1_136' title='bbox 1846 2137 2022 2202; x_wconf 86' lang='lat' dir='ltr'>inter</span> <span class='ocrx_word' id='word_1_137' title='bbox 2066 2137 2257 2218; x_wconf 84' lang='lat' dir='ltr'>signa</span> <span class='ocrx_word' id='word_1_138' title='bbox 2296 2139 2633 2223; x_wconf 75' lang='lat' dir='ltr'>aciesque,</span> 
     </span>
     <span class='ocr_line' id='line_1_18' title="bbox 428 2237 2631 2328; baseline 0 -21"><span class='ocrx_word' id='word_1_139' title='bbox 428 2241 674 2328; x_wconf 87' lang='lat' dir='ltr'>Arpini</span> <span class='ocrx_word' id='word_1_140' title='bbox 707 2243 976 2322; x_wconf 88' lang='lat' dir='ltr'>repente</span> <span class='ocrx_word' id='word_1_141' title='bbox 1017 2257 1144 2321; x_wconf 88' lang='lat' dir='ltr'>pro</span> <span class='ocrx_word' id='word_1_142' title='bbox 1175 2237 1510 2304; x_wconf 86' lang='lat' dir='ltr'>Romanis</span> <span class='ocrx_word' id='word_1_143' title='bbox 1553 2237 1886 2304; x_wconf 84' lang='lat' dir='ltr'>adversus</span> <span class='ocrx_word' id='word_1_144' title='bbox 1934 2237 2553 2322; x_wconf 73' lang='lat' dir='ltr'>Carthaginiensem</span> <span class='ocrx_word' id='word_1_145' title='bbox 2580 2241 2631 2282; x_wconf 75' lang='lat'>¹³</span> 
     </span>
     <span class='ocr_line' id='line_1_19' title="bbox 430 2339 2633 2426; baseline -0 -16"><span class='ocrx_word' id='word_1_146' title='bbox 430 2363 618 2410; x_wconf 86' lang='lat' dir='ltr'>arma</span> <span class='ocrx_word' id='word_1_147' title='bbox 659 2346 1022 2409; x_wconf 85' lang='lat' dir='ltr'>verterunt.</span> <span class='ocrx_word' id='word_1_148' title='bbox 1113 2339 1414 2425; x_wconf 86' lang='lat' dir='ltr'>Hispani</span> <span class='ocrx_word' id='word_1_149' title='bbox 1451 2359 1745 2426; x_wconf 88' lang='lat' dir='ltr'>quoqne,</span> <span class='ocrx_word' id='word_1_150' title='bbox 1792 2342 2003 2426; x_wconf 90' lang='lat' dir='ltr'>paulo</span> <span class='ocrx_word' id='word_1_151' title='bbox 2028 2341 2254 2407; x_wconf 86' lang='lat' dir='ltr'>minus</span> <span class='ocrx_word' id='word_1_152' title='bbox 2292 2342 2475 2408; x_wconf 79' lang='lat' dir='ltr'>mille</span> <span class='ocrx_word' id='word_1_153' title='bbox 2510 2345 2633 2410; x_wconf 88' lang='lat' dir='ltr'>ho-</span> 
     </span>
     <span class='ocr_line' id='line_1_20' title="bbox 427 2441 2633 2529; baseline -0 -17"><span class='ocrx_word' id='word_1_154' title='bbox 427 2448 662 2524; x_wconf 87' lang='lat' dir='ltr'>mines,</span> <span class='ocrx_word' id='word_1_155' title='bbox 718 2444 880 2510; x_wconf 89' lang='lat' dir='ltr'>nihil</span> <span class='ocrx_word' id='word_1_156' title='bbox 941 2450 1272 2527; x_wconf 77' lang='lat' dir='ltr'>praeterea</span> <span class='ocrx_word' id='word_1_157' title='bbox 1323 2463 1480 2508; x_wconf 91' lang='lat' dir='ltr'>cum</span> <span class='ocrx_word' id='word_1_158' title='bbox 1531 2441 1811 2508; x_wconf 86' lang='lat' dir='ltr'>consule</span> <span class='ocrx_word' id='word_1_159' title='bbox 1852 2443 2062 2528; x_wconf 90' lang='lat' dir='ltr'>pacti,</span> <span class='ocrx_word' id='word_1_160' title='bbox 2112 2461 2319 2529; x_wconf 87' lang='lat' dir='ltr'>quam</span> <span class='ocrx_word' id='word_1_161' title='bbox 2366 2452 2441 2511; x_wconf 88' lang='lat' dir='ltr'>ut</span> <span class='ocrx_word' id='word_1_162' title='bbox 2487 2446 2633 2511; x_wconf 89' lang='lat' dir='ltr'>sine</span> 
     </span>
     <span class='ocr_line' id='line_1_21' title="bbox 431 2545 2633 2631; baseline -0 -16"><span class='ocrx_word' id='word_1_163' title='bbox 431 2548 671 2617; x_wconf 85' lang='lat' dir='ltr'>fraude</span> <span class='ocrx_word' id='word_1_164' title='bbox 748 2546 1084 2613; x_wconf 87' lang='lat' dir='ltr'>Punicum</span> <span class='ocrx_word' id='word_1_165' title='bbox 1160 2545 1576 2611; x_wconf 86' lang='lat' dir='ltr'>emitteretur</span> <span class='ocrx_word' id='word_1_166' title='bbox 1639 2545 2055 2631; x_wconf 65' lang='lat' dir='ltr'>praesidium,</span> <span class='ocrx_word' id='word_1_167' title='bbox 2126 2545 2217 2611; x_wconf 86' lang='lat' dir='ltr'>ad</span> <span class='ocrx_word' id='word_1_168' title='bbox 2286 2548 2633 2614; x_wconf 86' lang='lat' dir='ltr'>consulem</span> 
     </span>
     <span class='ocr_line' id='line_1_22' title="bbox 433 2648 2632 2734; baseline 0 -17"><span class='ocrx_word' id='word_1_169' title='bbox 433 2652 912 2717; x_wconf 86' lang='lat' dir='ltr'>transtulerunt</span> <span class='ocrx_word' id='word_1_170' title='bbox 957 2649 1166 2733; x_wconf 86' lang='lat' dir='ltr'>signa.</span> <span class='ocrx_word' id='word_1_171' title='bbox 1266 2648 1928 2733; x_wconf 79' lang='lat' dir='ltr'>Carthaginiensibus</span> <span class='ocrx_word' id='word_1_172' title='bbox 1972 2654 2193 2733; x_wconf 87' lang='lat' dir='ltr'>portae</span> <span class='ocrx_word' id='word_1_173' title='bbox 2240 2650 2632 2734; x_wconf 82' lang='lat' dir='ltr'>patefactae,</span> 
     </span>
     <span class='ocr_line' id='line_1_23' title="bbox 434 2750 2632 2839; baseline -0 -20"><span class='ocrx_word' id='word_1_174' title='bbox 434 2754 798 2838; x_wconf 89' lang='lat' dir='ltr'>emissique</span> <span class='ocrx_word' id='word_1_175' title='bbox 829 2772 979 2817; x_wconf 91' lang='lat' dir='ltr'>cum</span> <span class='ocrx_word' id='word_1_176' title='bbox 1007 2751 1140 2819; x_wconf 88' lang='lat' dir='ltr'>fide</span> <span class='ocrx_word' id='word_1_177' title='bbox 1169 2751 1535 2817; x_wconf 86' lang='lat' dir='ltr'>incolumes</span> <span class='ocrx_word' id='word_1_178' title='bbox 1559 2750 1646 2816; x_wconf 88' lang='lat' dir='ltr'>ad</span> <span class='ocrx_word' id='word_1_179' title='bbox 1672 2750 2125 2818; x_wconf 89' lang='lat' dir='ltr'>Hannibalem</span> <span class='ocrx_word' id='word_1_180' title='bbox 2145 2750 2493 2839; x_wconf 85' lang='lat' dir='ltr'>Salapiam</span> <span class='ocrx_word' id='word_1_181' title='bbox 2520 2772 2632 2819; x_wconf 82' lang='lat' dir='ltr'>ve-</span> 
     </span>
     <span class='ocr_line' id='line_1_24' title="bbox 435 2851 2634 2940; baseline 0 -19"><span class='ocrx_word' id='word_1_182' title='bbox 435 2863 689 2923; x_wconf 86' lang='lat' dir='ltr'>nerunt.</span> <span class='ocrx_word' id='word_1_183' title='bbox 778 2855 976 2940; x_wconf 86' lang='lat' dir='ltr'>Arpi,</span> <span class='ocrx_word' id='word_1_184' title='bbox 1008 2856 1150 2921; x_wconf 89' lang='lat' dir='ltr'>sine</span> <span class='ocrx_word' id='word_1_185' title='bbox 1181 2851 1380 2920; x_wconf 90' lang='lat' dir='ltr'>clade</span> <span class='ocrx_word' id='word_1_186' title='bbox 1409 2853 1628 2931; x_wconf 89' lang='lat' dir='ltr'>ullius,</span> <span class='ocrx_word' id='word_1_187' title='bbox 1659 2858 2113 2939; x_wconf 58' lang='lat' dir='ltr'>praeterquam</span> <span class='ocrx_word' id='word_1_188' title='bbox 2153 2853 2352 2919; x_wconf 89' lang='lat' dir='ltr'>unius</span> <span class='ocrx_word' id='word_1_189' title='bbox 2394 2855 2634 2921; x_wconf 83' lang='lat' dir='ltr'>veteris</span> 
     </span>
     <span class='ocr_line' id='line_1_25' title="bbox 434 2954 2637 3043; baseline -0 -18"><span class='ocrx_word' id='word_1_190' title='bbox 434 2959 819 3043; x_wconf 89' lang='lat' dir='ltr'>proditoris,</span> <span class='ocrx_word' id='word_1_191' title='bbox 841 2958 1004 3023; x_wconf 86' lang='lat' dir='ltr'>novi</span> <span class='ocrx_word' id='word_1_192' title='bbox 1031 2956 1352 3042; x_wconf 80' lang='lat' dir='ltr'>perfugae,</span> <span class='ocrx_word' id='word_1_193' title='bbox 1377 2954 1670 3021; x_wconf 86' lang='lat' dir='ltr'>restituti</span> <span class='ocrx_word' id='word_1_194' title='bbox 1701 2955 1790 3023; x_wconf 88' lang='lat' dir='ltr'>ad</span> <span class='ocrx_word' id='word_1_195' title='bbox 1816 2955 2243 3022; x_wconf 77' lang='lat' dir='ltr'>RomanoS.¹⁹</span> <span class='ocrx_word' id='word_1_196' title='bbox 2298 2954 2637 3040; x_wconf 89' lang='lat' dir='ltr'>Hispanis</span> 
     </span>
     <span class='ocr_line' id='line_1_26' title="bbox 436 3058 2635 3146; baseline 0 -20"><span class='ocrx_word' id='word_1_197' title='bbox 436 3061 736 3146; x_wconf 87' lang='lat' dir='ltr'>duplicia</span> <span class='ocrx_word' id='word_1_198' title='bbox 764 3062 1019 3126; x_wconf 88' lang='lat' dir='ltr'>cibaria</span> <span class='ocrx_word' id='word_1_199' title='bbox 1047 3059 1192 3124; x_wconf 82' lang='lat' dir='ltr'>dari</span> <span class='ocrx_word' id='word_1_200' title='bbox 1223 3060 1467 3143; x_wconf 84' lang='lat' dir='ltr'>jussa:</span> <span class='ocrx_word' id='word_1_201' title='bbox 1513 3076 1859 3144; x_wconf 87' lang='lat' dir='ltr'>operaque</span> <span class='ocrx_word' id='word_1_202' title='bbox 1890 3077 2117 3123; x_wconf 87' lang='lat' dir='ltr'>eorum</span> <span class='ocrx_word' id='word_1_203' title='bbox 2146 3058 2307 3125; x_wconf 83' lang='lat' dir='ltr'>forti</span> <span class='ocrx_word' id='word_1_204' title='bbox 2338 3080 2419 3125; x_wconf 88' lang='lat' dir='ltr'>ac</span> <span class='ocrx_word' id='word_1_205' title='bbox 2449 3060 2635 3127; x_wconf 88' lang='lat' dir='ltr'>fideli</span> 
     </span>
     <span class='ocr_line' id='line_1_27' title="bbox 437 3160 2633 3249; baseline 0 -20"><span class='ocrx_word' id='word_1_206' title='bbox 437 3183 743 3249; x_wconf 71' lang='lat' dir='ltr'>persaepe</span> <span class='ocrx_word' id='word_1_207' title='bbox 773 3184 878 3228; x_wconf 89' lang='lat' dir='ltr'>res</span> <span class='ocrx_word' id='word_1_208' title='bbox 909 3163 1189 3246; x_wconf 83' lang='lat' dir='ltr'>publica</span> <span class='ocrx_word' id='word_1_209' title='bbox 1217 3182 1346 3228; x_wconf 89' lang='lat' dir='ltr'>usa</span> <span class='ocrx_word' id='word_1_210' title='bbox 1374 3166 1494 3227; x_wconf 85' lang='lat' dir='ltr'>est.</span> <span class='ocrx_word' id='word_1_211' title='bbox 1582 3160 1755 3229; x_wconf 91' lang='lat' dir='ltr'>Cum</span> <span class='ocrx_word' id='word_1_212' title='bbox 1792 3162 2030 3228; x_wconf 88' lang='lat' dir='ltr'>consul</span> <span class='ocrx_word' id='word_1_213' title='bbox 2048 3168 2105 3201; x_wconf 84' lang='lat'>²⁰</span> <span class='ocrx_word' id='word_1_214' title='bbox 2150 3161 2315 3227; x_wconf 86' lang='lat' dir='ltr'>alter</span> <span class='ocrx_word' id='word_1_215' title='bbox 2340 3162 2413 3226; x_wconf 88' lang='lat' dir='ltr'>in</span> <span class='ocrx_word' id='word_1_216' title='bbox 2440 3162 2633 3248; x_wconf 88' lang='lat' dir='ltr'>Apu-</span> 
     </span>
     <span class='ocr_line' id='line_1_28' title="bbox 437 3264 2639 3350; baseline 0 -19"><span class='ocrx_word' id='word_1_217' title='bbox 437 3267 556 3346; x_wconf 91' lang='lat' dir='ltr'>lia,</span> <span class='ocrx_word' id='word_1_218' title='bbox 588 3266 754 3331; x_wconf 89' lang='lat' dir='ltr'>alter</span> <span class='ocrx_word' id='word_1_219' title='bbox 781 3267 852 3331; x_wconf 91' lang='lat' dir='ltr'>in</span> <span class='ocrx_word' id='word_1_220' title='bbox 883 3266 1178 3333; x_wconf 85' lang='lat' dir='ltr'>Lucanis</span> <span class='ocrx_word' id='word_1_221' title='bbox 1207 3272 1414 3346; x_wconf 90' lang='lat' dir='ltr'>esset,</span> <span class='ocrx_word' id='word_1_222' title='bbox 1457 3268 1715 3350; x_wconf 88' lang='lat' dir='ltr'>equites</span> <span class='ocrx_word' id='word_1_223' title='bbox 1758 3272 2025 3331; x_wconf 91' lang='lat' dir='ltr'>centum</span> <span class='ocrx_word' id='word_1_224' title='bbox 2059 3264 2416 3331; x_wconf 87' lang='lat' dir='ltr'>duodecim</span> <span class='ocrx_word' id='word_1_225' title='bbox 2444 3267 2639 3332; x_wconf 90' lang='lat' dir='ltr'>nobi-</span> 
     </span>
     <span class='ocr_line' id='line_1_29' title="bbox 439 3367 2639 3455; baseline 0 -20"><span class='ocrx_word' id='word_1_226' title='bbox 439 3370 545 3435; x_wconf 84' lang='lat' dir='ltr'>les</span> <span class='ocrx_word' id='word_1_227' title='bbox 578 3368 932 3453; x_wconf 89' lang='lat' dir='ltr'>Campani,</span> <span class='ocrx_word' id='word_1_228' title='bbox 963 3389 1084 3453; x_wconf 89' lang='lat' dir='ltr'>per</span> <span class='ocrx_word' id='word_1_229' title='bbox 1113 3369 1411 3455; x_wconf 90' lang='lat' dir='ltr'>speciem</span> <span class='ocrx_word' id='word_1_230' title='bbox 1457 3368 1805 3452; x_wconf 83' lang='lat' dir='ltr'>praedandi</span> <span class='ocrx_word' id='word_1_231' title='bbox 1833 3388 1925 3433; x_wconf 82' lang='lat' dir='ltr'>ex</span> <span class='ocrx_word' id='word_1_232' title='bbox 1956 3367 2250 3435; x_wconf 89' lang='lat' dir='ltr'>hostium</span> <span class='ocrx_word' id='word_1_233' title='bbox 2278 3388 2459 3450; x_wconf 81' lang='lat' dir='ltr'>agro,</span> <span class='ocrx_word' id='word_1_234' title='bbox 2486 3387 2639 3453; x_wconf 88' lang='lat' dir='ltr'>per-</span> 
     </span>
     <span class='ocr_line' id='line_1_30' title="bbox 441 3470 2643 3559; baseline 0 -22"><span class='ocrx_word' id='word_1_235' title='bbox 441 3473 652 3537; x_wconf 88' lang='lat' dir='ltr'>missu</span> <span class='ocrx_word' id='word_1_236' title='bbox 683 3474 1193 3554; x_wconf 86' lang='lat' dir='ltr'>magistratuum</span> <span class='ocrx_word' id='word_1_237' title='bbox 1225 3475 1312 3540; x_wconf 88' lang='lat' dir='ltr'>ab</span> <span class='ocrx_word' id='word_1_238' title='bbox 1335 3472 1578 3559; x_wconf 91' lang='lat' dir='ltr'>Capua</span> <span class='ocrx_word' id='word_1_239' title='bbox 1608 3470 1912 3557; x_wconf 82' lang='lat' dir='ltr'>profecti,</span> <span class='ocrx_word' id='word_1_240' title='bbox 1938 3471 2028 3537; x_wconf 88' lang='lat' dir='ltr'>ad</span> <span class='ocrx_word' id='word_1_241' title='bbox 2057 3478 2278 3537; x_wconf 86' lang='lat' dir='ltr'>castra</span> <span class='ocrx_word' id='word_1_242' title='bbox 2301 3470 2643 3551; x_wconf 88' lang='lat' dir='ltr'>Romana,</span> 
     </span>
     <span class='ocr_line' id='line_1_31' title="bbox 441 3574 2639 3659; baseline 0 -21"><span class='ocrx_word' id='word_1_243' title='bbox 441 3594 602 3659; x_wconf 80' lang='lat' dir='ltr'>quae</span> <span class='ocrx_word' id='word_1_244' title='bbox 647 3594 858 3657; x_wconf 88' lang='lat' dir='ltr'>super</span> <span class='ocrx_word' id='word_1_245' title='bbox 898 3576 1290 3642; x_wconf 86' lang='lat' dir='ltr'>Suessulam</span> <span class='ocrx_word' id='word_1_246' title='bbox 1333 3581 1542 3655; x_wconf 88' lang='lat' dir='ltr'>erant,</span> <span class='ocrx_word' id='word_1_247' title='bbox 1573 3580 1915 3641; x_wconf 81' lang='lat' dir='ltr'>venerunt.</span> <span class='ocrx_word' id='word_1_248' title='bbox 2002 3574 2286 3641; x_wconf 87' lang='lat' dir='ltr'>Stationi</span> <span class='ocrx_word' id='word_1_249' title='bbox 2329 3574 2639 3653; x_wconf 89' lang='lat' dir='ltr'>militum,</span> 
     </span>
    </p>
   </div>
   <div class='ocr_carea' id='block_1_3' title="bbox 509 3764 1207 3831">
    <p class='ocr_par' dir='ltr' id='par_1_3' title="bbox 509 3764 1207 3831">
     <span class='ocr_line' id='line_1_32' title="bbox 509 3764 1207 3831; baseline 0.009 -15"><span class='ocrx_word' id='word_1_250' title='bbox 509 3764 532 3799; x_wconf 59' lang='grc' dir='ltr'><strong>ὅ</strong></span> <span class='ocrx_word' id='word_1_251' title='bbox 564 3766 716 3817; x_wconf 83' lang='lat' dir='ltr'>Facto</span> <span class='ocrx_word' id='word_1_252' title='bbox 739 3766 1028 3831; x_wconf 72' lang='lat' dir='ltr'>colloquendi</span> <span class='ocrx_word' id='word_1_253' title='bbox 1049 3770 1207 3821; x_wconf 70' lang='lat' dir='ltr'>initio.</span> 
     </span>
    </p>
   </div>
   <div class='ocr_carea' id='block_1_4' title="bbox 1367 3898 1731 3924">
    <p class='ocr_par' dir='ltr' id='par_1_4' title="bbox 1367 3898 1731 3924">
     <span class='ocr_line' id='line_1_33' title="bbox 1367 3898 1731 3924; baseline 0 -1"><span class='ocrx_word' id='word_1_254' title='bbox 1367 3898 1731 3924; x_wconf 54' lang='lat' dir='ltr'>“HOMO</span> 
     </span>
    </p>
   </div>
   <div class='ocr_carea' id='block_1_5' title="bbox 444 4022 2647 4358">
    <p class='ocr_par' dir='ltr' id='par_1_5' title="bbox 444 4022 2647 4358">
     <span class='ocr_line' id='line_1_34' title="bbox 513 4022 2647 4095; baseline -0.001 -18"><span class='ocrx_word' id='word_1_255' title='bbox 513 4032 574 4077; x_wconf 80' lang='lat'>15</span> <span class='ocrx_word' id='word_1_256' title='bbox 609 4027 626 4057; x_wconf 85' lang='lat'>‘</span> <span class='ocrx_word' id='word_1_257' title='bbox 652 4027 896 4078; x_wconf 73' lang='lat' dir='ltr'>Duker-us</span> <span class='ocrx_word' id='word_1_258' title='bbox 917 4028 1051 4079; x_wconf 84' lang='lat' dir='ltr'>bene</span> <span class='ocrx_word' id='word_1_259' title='bbox 1085 4030 1300 4095; x_wconf 84' lang='lat' dir='ltr'>conjicit</span> <span class='ocrx_word' id='word_1_260' title='bbox 1328 4030 1608 4083; x_wconf 61' lang='lat' dir='ltr'>amarante</span> <span class='ocrx_word' id='word_1_261' title='bbox 1639 4027 1973 4079; x_wconf 82' lang='lat' dir='ltr'>Stroth.—16</span> <span class='ocrx_word' id='word_1_262' title='bbox 2006 4024 2023 4054; x_wconf 86' lang='lat'>‘</span> <span class='ocrx_word' id='word_1_263' title='bbox 2042 4024 2129 4075; x_wconf 74' lang='lat' dir='ltr'>Ita</span> <span class='ocrx_word' id='word_1_264' title='bbox 2150 4038 2182 4073; x_wconf 90' lang='lat' dir='ltr'>o</span> <span class='ocrx_word' id='word_1_265' title='bbox 2224 4022 2335 4073; x_wconf 80' lang='lat' dir='ltr'>timi</span> <span class='ocrx_word' id='word_1_266' title='bbox 2356 4022 2485 4073; x_wconf 77' lang='lat' dir='ltr'>Mss.</span> <span class='ocrx_word' id='word_1_267' title='bbox 2518 4024 2647 4087; x_wconf 72' lang='lat' dir='ltr'>quod</span> 
     </span>
     <span class='ocr_line' id='line_1_35' title="bbox 444 4087 2644 4159; baseline -0.001 -16"><span class='ocrx_word' id='word_1_268' title='bbox 444 4094 502 4143; x_wconf 82' lang='lat' dir='ltr'>ob</span> <span class='ocrx_word' id='word_1_269' title='bbox 534 4093 758 4143; x_wconf 77' lang='lat' dir='ltr'>meritum</span> <span class='ocrx_word' id='word_1_270' title='bbox 791 4094 1025 4159; x_wconf 78' lang='lat' dir='ltr'>plerique</span> <span class='ocrx_word' id='word_1_271' title='bbox 1047 4094 1179 4146; x_wconf 73' lang='lat' dir='ltr'>Mu.</span> <span class='ocrx_word' id='word_1_272' title='bbox 1203 4106 1258 4148; x_wconf 84' lang='lat' dir='ltr'>et</span> <span class='ocrx_word' id='word_1_273' title='bbox 1279 4098 1412 4147; x_wconf 89' lang='lat' dir='ltr'>Edd.</span> <span class='ocrx_word' id='word_1_274' title='bbox 1436 4104 1556 4148; x_wconf 80' lang='lat' dir='ltr'>ante</span> <span class='ocrx_word' id='word_1_275' title='bbox 1579 4097 1809 4148; x_wconf 79' lang='lat' dir='ltr'>Gronov.</span> <span class='ocrx_word' id='word_1_276' title='bbox 1840 4092 1960 4157; x_wconf 75' lang='lat' dir='ltr'>quod</span> <span class='ocrx_word' id='word_1_277' title='bbox 1977 4097 2135 4141; x_wconf 73' lang='lat' dir='ltr'>autem</span> <span class='ocrx_word' id='word_1_278' title='bbox 2155 4106 2183 4139; x_wconf 84' lang='grc' dir='ltr'><strong>ο</strong></span> <span class='ocrx_word' id='word_1_279' title='bbox 2230 4087 2451 4139; x_wconf 77' lang='lat' dir='ltr'>meritum</span> <span class='ocrx_word' id='word_1_280' title='bbox 2472 4102 2501 4136; x_wconf 82' lang='lat' dir='ltr'>e</span> <span class='ocrx_word' id='word_1_281' title='bbox 2523 4090 2644 4140; x_wconf 87' lang='lat' dir='ltr'>cod.</span> 
     </span>
     <span class='ocr_line' id='line_1_36' title="bbox 446 4154 2645 4229; baseline -0.002 -21"><span class='ocrx_word' id='word_1_282' title='bbox 446 4159 620 4208; x_wconf 77' lang='lat' dir='ltr'>Palat.</span> <span class='ocrx_word' id='word_1_283' title='bbox 640 4162 688 4208; x_wconf 83' lang='lat'>2.</span> <span class='ocrx_word' id='word_1_284' title='bbox 712 4160 912 4222; x_wconf 80' lang='lat' dir='ltr'>recepit</span> <span class='ocrx_word' id='word_1_285' title='bbox 933 4160 1132 4210; x_wconf 84' lang='lat' dir='ltr'>Stroth.</span> <span class='ocrx_word' id='word_1_286' title='bbox 1153 4172 1363 4214; x_wconf 87' lang='lat' dir='ltr'>auctore</span> <span class='ocrx_word' id='word_1_287' title='bbox 1387 4162 1530 4213; x_wconf 84' lang='lat' dir='ltr'>Duk.</span> <span class='ocrx_word' id='word_1_288' title='bbox 1593 4162 1715 4213; x_wconf 83' lang='lat' dir='ltr'>Non</span> <span class='ocrx_word' id='word_1_289' title='bbox 1737 4158 1889 4213; x_wconf 86' lang='lat' dir='ltr'>male,</span> <span class='ocrx_word' id='word_1_290' title='bbox 1918 4160 2017 4207; x_wconf 76' lang='lat' dir='ltr'>etsi</span> <span class='ocrx_word' id='word_1_291' title='bbox 2054 4154 2302 4218; x_wconf 78' lang='lat' dir='ltr'>Doering.</span> <span class='ocrx_word' id='word_1_292' title='bbox 2335 4160 2510 4217; x_wconf 83' lang='lat' dir='ltr'>putet,</span> <span class='ocrx_word' id='word_1_293' title='bbox 2540 4167 2645 4229; x_wconf 77' lang='lat' dir='ltr'>non</span> 
     </span>
     <span class='ocr_line' id='line_1_37' title="bbox 446 4220 2645 4293; baseline -0.001 -21"><span class='ocrx_word' id='word_1_294' title='bbox 446 4228 606 4273; x_wconf 74' lang='lat' dir='ltr'>autem</span> <span class='ocrx_word' id='word_1_295' title='bbox 633 4224 722 4273; x_wconf 81' lang='lat' dir='ltr'>sed</span> <span class='ocrx_word' id='word_1_296' title='bbox 759 4231 843 4274; x_wconf 76' lang='lat' dir='ltr'>aut</span> <span class='ocrx_word' id='word_1_297' title='bbox 884 4239 940 4274; x_wconf 88' lang='lat' dir='ltr'>re</span> <span class='ocrx_word' id='word_1_298' title='bbox 983 4226 1094 4289; x_wconf 85' lang='lat' dir='ltr'>uiri,</span> <span class='ocrx_word' id='word_1_299' title='bbox 1129 4228 1250 4293; x_wconf 85' lang='lat' dir='ltr'>quia</span> <span class='ocrx_word' id='word_1_300' title='bbox 1288 4230 1528 4277; x_wconf 84' lang='lat' dir='ltr'>meritum</span> <span class='ocrx_word' id='word_1_301' title='bbox 1559 4226 1837 4276; x_wconf 83' lang='lat' dir='ltr'>Poenorum</span> <span class='ocrx_word' id='word_1_302' title='bbox 1872 4236 2019 4272; x_wconf 73' lang='lat' dir='ltr'>noxae</span> <span class='ocrx_word' id='word_1_303' title='bbox 2054 4222 2202 4271; x_wconf 85' lang='lat' dir='ltr'>Rom.</span> <span class='ocrx_word' id='word_1_304' title='bbox 2237 4220 2529 4283; x_wconf 72' lang='lat' dir='ltr'>oppositum</span> <span class='ocrx_word' id='word_1_305' title='bbox 2554 4228 2645 4270; x_wconf 76' lang='lat' dir='ltr'>sit.</span> 
     </span>
     <span class='ocr_line' id='line_1_38' title="bbox 444 4284 2645 4358; baseline -0.002 -19"><span class='ocrx_word' id='word_1_306' title='bbox 444 4290 604 4352; x_wconf 77' lang='lat' dir='ltr'>Saepe</span> <span class='ocrx_word' id='word_1_307' title='bbox 637 4294 794 4339; x_wconf 76' lang='lat' dir='ltr'>autem</span> <span class='ocrx_word' id='word_1_308' title='bbox 828 4297 910 4339; x_wconf 67' lang='lat' dir='ltr'>ent</span> <span class='ocrx_word' id='word_1_309' title='bbox 965 4306 1054 4341; x_wconf 83' lang='lat' dir='ltr'>ere</span> <span class='ocrx_word' id='word_1_310' title='bbox 1093 4292 1166 4343; x_wconf 89' lang='lat' dir='ltr'>id.</span> <span class='ocrx_word' id='word_1_311' title='bbox 1203 4292 1290 4358; x_wconf 88' lang='lat' dir='ltr'>qd.</span> <span class='ocrx_word' id='word_1_312' title='bbox 1322 4299 1408 4343; x_wconf 74' lang='lat' dir='ltr'>aut</span> <span class='ocrx_word' id='word_1_313' title='bbox 1444 4293 1527 4342; x_wconf 79' lang='lat' dir='ltr'>vel</span> <span class='ocrx_word' id='word_1_314' title='bbox 1558 4290 1740 4343; x_wconf 63' lang='lat' dir='ltr'>etiam)</span> <span class='ocrx_word' id='word_1_315' title='bbox 1773 4290 2124 4351; x_wconf 49' lang='grc' dir='ltr'>Καιήτῃ-17</span> <span class='ocrx_word' id='word_1_316' title='bbox 2161 4286 2310 4335; x_wconf 76' lang='lat' dir='ltr'>Paene</span> <span class='ocrx_word' id='word_1_317' title='bbox 2348 4284 2483 4334; x_wconf 75' lang='lat' dir='ltr'>Edd.</span> <span class='ocrx_word' id='word_1_318' title='bbox 2522 4292 2645 4334; x_wconf 77' lang='lat' dir='ltr'>ante</span> 
     </span>
    </p>
   </div>
   <div class='ocr_carea' id='block_1_6' title="bbox 449 4349 2647 4421">
    <p class='ocr_par' dir='ltr' id='par_1_6' title="bbox 449 4349 2647 4421">
     <span class='ocr_line' id='line_1_39' title="bbox 449 4349 2647 4421; baseline -0.002 -16"><span class='ocrx_word' id='word_1_319' title='bbox 449 4354 816 4406; x_wconf 63' lang='lat' dir='ltr'>aronam—18</span> <span class='ocrx_word' id='word_1_320' title='bbox 853 4356 1274 4421; x_wconf 69' lang='lat' dir='ltr'>Carthaginienses</span> <span class='ocrx_word' id='word_1_321' title='bbox 1296 4358 1432 4412; x_wconf 85' lang='lat' dir='ltr'>Edd.</span> <span class='ocrx_word' id='word_1_322' title='bbox 1454 4363 1578 4410; x_wconf 78' lang='lat' dir='ltr'>ante</span> <span class='ocrx_word' id='word_1_323' title='bbox 1603 4356 1899 4409; x_wconf 66' lang='lat' dir='ltr'><strong>nuh—19</strong></span> <span class='ocrx_word' id='word_1_324' title='bbox 1933 4351 2079 4405; x_wconf 80' lang='lat' dir='ltr'>olim</span> <span class='ocrx_word' id='word_1_325' title='bbox 2097 4350 2313 4403; x_wconf 71' lang='lat' dir='ltr'>restituti</span> <span class='ocrx_word' id='word_1_326' title='bbox 2332 4349 2647 4401; x_wconf 63' lang='lat' dir='ltr'>Romaim-</span> 
     </span>
    </p>
   </div>
  </div>
 </body>
</html>
