3300 5225
1069 261 1210 308 mn.
1265 258 1496 307 xxiv.
1540 259 1707 307 car.
1750 245 1813 307 3.
2360 240 2531 307 1991

331 411 472 476 Sed
502 426 625 475 arx
654 406 994 482 CrotoniS,
1033 425 1170 471 una
1213 412 1402 490 parte
1447 406 1801 470 imminens
1842 404 2083 483 mari,¹⁷
2111 406 2344 487 altera,
2386 428 2535 475 ver-

335 518 530 595 gente
585 514 654 577 in
704 530 958 593 agrum,
1003 509 1138 573 situ
1196 516 1457 573 tantum
1523 507 1817 573 naturali
1868 507 2211 592 quondam
2257 511 2534 590 munita,

333 622 582 698 postea
610 622 682 678 et
709 630 898 678 muro
930 613 1156 677 cincta
1185 618 1314 689 est,
1345 630 1482 695 qua
1527 630 1648 695 per
1693 630 1968 675 aversas
2012 630 2217 695 rupes
2246 614 2335 678 ab
2366 614 2535 679 Dio-

335 718 612 801 nysio‚¹⁷
661 716 916 781 Sicilioe
963 722 1272 799 tyranno,
1323 734 1442 798 per
1491 712 1721 777 dolum
1767 712 1991 778 fuerat
2040 724 2271 798 capta.
2361 715 2533 783 Eam

335 828 482 883 tum
509 839 750 897 arcem,
779 820 975 897 satis,
1003 822 1080 883 ut
1107 816 1477 891 videbatur,
1519 815 1813 895 tutam,¹⁸
1865 816 2327 883 Crotoniatum
2362 821 2531 903 opti-

331 929 552 986 mates
610 924 941 1000 tenebant,
1001 919 1532 987 circumsedente
1591 938 1745 985 cum
1802 920 2093 985 Bruttiis
2151 940 2269 987 eos
2328 924 2531 987 etiam

331 1022 536 1107 plebe
566 1044 712 1090 sna.
801 1024 1157 1089 Postremo
1183 1023 1450 1102 Bruttii,
1471 1040 1627 1087 cum
1653 1022 1795 1088 suis
1826 1022 2079 1087 viribus
2108 1023 2531 1109 inexpugna-

329 1126 537 1191 bilem
591 1126 892 1191 viderent
937 1146 1179 1203 arcem,
1229 1129 1456 1191 coacti
1495 1126 1913 1205 necessitate,
1944 1126 2305 1192 Hannonis
2336 1130 2533 1193 auxi·

329 1228 494 1293 lium
525 1230 900 1313 implorant.
985 1228 1085 1308 Ie,
1116 1227 1616 1294 conditionibus
1654 1228 1740 1291 ad
1784 1227 2197 1293 deditionem
2242 1232 2533 1315 compel-

329 1332 468 1396 lere
493 1330 916 1397 Crotoniatas
940 1338 1247 1408 conatus,
1270 1337 1348 1395 ut
1367 1328 1700 1395 coloniam
1723 1330 2123 1395 Bruttiorum
2152 1350 2235 1395 eo
2265 1331 2531 1412 deduci,

331 1434 814 1518 antiquamque
853 1433 1297 1518 frequentiam
1317 1440 1368 1484 ¹⁹
1398 1432 1693 1516 recipere
1712 1428 1740 1467 ¹‘
1770 1442 2038 1499 vastam
2079 1452 2163 1499 ac
2197 1434 2533 1503 desertam

329 1536 532 1601 bellis
559 1538 784 1601 urbem
832 1543 1236 1620 paterentur,
1266 1535 1554 1599 omnium
1597 1534 1947 1615 neminem,
1978 1544 2227 1620 proeter
2262 1536 2529 1605 Aristo-

327 1639 663 1718 machum,
707 1639 938 1705 movit.
1045 1637 1406 1702 Morituros
1455 1656 1530 1701 se
1572 1636 1994 1703 affirmabant
2034 1638 2260 1720 citius,
2306 1660 2531 1726 quam,

327 1740 618 1807 immixti
647 1742 956 1819 Bruttiis,
988 1741 1058 1805 in
1089 1740 1352 1805 alienos
1379 1740 1572 1819 ritus,
1602 1759 1851 1817 mores,
1881 1741 2226 1826 legesque,
2258 1762 2341 1809 ac
2364 1764 2531 1811 mox

328 1842 622 1927 linguam
665 1845 866 1909 etiam
913 1850 1344 1909 verterentur.
1448 1842 1964 1909 Aristomachus
2010 1864 2209 1923 unus,
2262 1847 2530 1932 quando

329 1965 459 2013 nec
505 1947 854 2013 suadendo
894 1946 981 2013 ad
1017 1946 1430 2013 deditionem
1475 1946 1644 2015 satis
1689 1947 1980 2025 valebat,
2010 1968 2159 2024 nec,
2202 1950 2383 2015 sicut
2422 1969 2529 2015 ur-

329 2050 482 2114 bem
524 2049 924 2133 prodiderat,
961 2050 1186 2116 locum
1232 2050 1594 2135 prodendae
1650 2050 1825 2115 arcis
1874 2051 2280 2129 inveniebat,
2312 2060 2525 2117 trans·

325 2150 495 2234 sugit
523 2153 609 2217 ad
637 2152 1072 2218 Hannonem.
1145 2154 1520 2219 Locrenses
1550 2153 1737 2218 brevi
1769 2161 1923 2236 post
1949 2154 2176 2236 legati,
2200 2172 2356 2219 cum
2379 2174 2529 2239 per-

327 2253 542 2321 missu
589 2253 954 2322 Hannonis
1001 2274 1222 2320 arcem
1269 2256 1653 2333 intrassent,
1696 2255 2131 2338 persuadent,
2162 2264 2236 2322 ut
2268 2255 2529 2323 traduci

329 2357 505 2421 sein
536 2358 754 2422 Loros
794 2364 1202 2441 paterentur,
1255 2378 1382 2423 nec
1423 2358 1655 2422 ultima
1686 2356 1981 2441 experiri
2010 2358 2278 2421 vellent.
2366 2358 2410 2423 J
2418 2378 2529 2423 am

325 2457 462 2525 hoc
493 2467 572 2523 ut
601 2460 728 2525 sibi
757 2459 1007 2537 liceret,
1035 2461 1560 2545 impetraverant
1609 2467 1677 2526 et
1727 2460 1814 2524 ab
1854 2459 2269 2537 Hannibale,
2300 2461 2527 2527 missis

325 2560 412 2627 ad
434 2563 660 2648 ipsum
677 2570 734 2600 ²⁰
752 2563 1015 2648 legatis.
1081 2562 1192 2630 Ita
1213 2561 1572 2629 Crotonem
1585 2582 1950 2628 excessum
1967 2570 2091 2643 est,
2116 2563 2529 2650 deductique

326 2663 744 2731 Crotoniatae
797 2666 884 2733 ad
933 2687 1114 2732 mare
1159 2686 1366 2732 naves
1415 2665 1894 2732 conscendunt.
1998 2665 2255 2732 Locros
2308 2669 2527 2732 omnis

324 2767 682 2834 multitudo
734 2767 1022 2836 abeunt.¹
1113 2769 1194 2834 In
1254 2769 1512 2856 Apulia
1559 2789 1645 2834 ne
1695 2768 1929 2853 hyems
1970 2768 2245 2856 quidem
2295 2769 2528 2856 quieta

1249 2915 1574 2937 OOOOOOOOOOO
1579 2915 1610 2936 0

325 3012 463 3062 uude
485 3011 777 3064 Gronovius
797 3029 943 3064 suum
966 3015 1177 3066 effecit-⁹
1217 3017 1536 3068 Stroth—17
1575 3017 1687 3067 Une
1718 3022 1857 3081 purte
1878 3018 2124 3068 imminens
2142 3019 2267 3069 meri
2291 3019 2526 3084 plerique

323 3079 452 3127 Mu.
474 3087 530 3128 et
553 3081 690 3128 Edd.
709 3088 843 3130 autt.
879 3082 1096 3132 imminet
1119 3083 1186 3131 al.
1227 3083 1502 3132 inminente
1523 3083 1754 3132 malebat
1780 3083 2164 3144 Doeriug.—18
2198 3085 2329 3134 Mas.
2369 3085 2525 3148 pleri·

323 3155 445 3208 que,
476 3159 534 3194 ea
555 3149 782 3195 marce
804 3179 820 3194 .
836 3180 850 3195 .
871 3178 885 3194 .
909 3151 1034 3196 tnta.
1081 3147 1202 3196 Vid.
1228 3149 1354 3197 Not.
1383 3148 1638 3198 Van—19
1670 3148 1687 3176 ⁴
1714 3148 1845 3197 Post
1860 3147 2189 3212 frequentiam
2227 3150 2355 3200 Mae.
2394 3153 2527 3200 inue-

323 3216 446 3258 rent
467 3225 540 3264 eo,
561 3219 616 3258 et
635 3210 774 3259 Edd.
796 3225 975 3261 omnes
999 3219 1194 3276 preter
1215 3213 1418 3263 Stroth.
1441 3227 1616 3263 eorm.
1684 3212 1823 3262 Illud
1847 3226 2120 3277 perperam
2144 3215 2429 3276 repetitum
2454 3215 2529 3266 vi·

321 3275 498 3330 detur,
529 3276 626 3324 hoc
648 3290 679 3324 a
701 3275 992 3326 Latinitate
1029 3277 1293 3327 abhorret.
1359 3279 1618 3328 Neutrum
1658 3293 1782 3328 vero
1812 3288 1960 3329 extat
2000 3279 2053 3328 in
2088 3294 2193 3329 uno
2227 3279 2345 3330 cod.
2373 3295 2527 3344 quem

323 3353 442 3388 cum
463 3339 662 3389 Stroth.
684 3350 898 3392 secutus
921 3356 1054 3392 sum.
1075 3341 1406 3408 frequentiam
1421 3357 1561 3394 suem
1591 3345 1731 3409 conj.
1753 3343 1917 3394 Gron.
1941 3351 1998 3394 et
2018 3345 2273 3408 Doerinss.
2338 3345 2525 3396 Malim

1311 3457 1534 3509 NOTAE

323 3533 453 3584 tium
477 3533 868 3602 haudquaquam
892 3537 1060 3587 video.
1113 3537 1242 3587 Rem
1262 3553 1385 3588 cou-

319 3609 494 3661 firmat
532 3613 734 3662 Plinius
763 3613 850 3663 lib.
887 3627 948 3664 ιι.
982 3629 1098 3678 cap·
1134 3617 1246 3666 107.
1277 3616 1296 3644 ⁶
1318 3615 1384 3666 In

321 3689 554 3739 Lacinia
576 3689 798 3741 Junonir
821 3706 913 3742 ara
944 3695 1040 3744 sub
1065 3693 1173 3744 Dio
1194 3695 1292 3744 uita
1312 3693 1384 3742 ci·

319 3779 496 3814 nerem
537 3765 849 3816 immobilem
887 3783 1002 3818 esse
1041 3766 1383 3833 proflantibua

321 3840 556 3907 undique
578 3842 855 3906 procellis!

304 3945 316 3950 -
383 3915 412 3952 ¹¹
442 3919 794 3984 Antiquamque
813 3920 1138 3986 frequentiam
1175 3919 1384 3986 [eoram]

318 3994 554 4060 recipere]
602 3995 772 4047 Recte
809 4007 958 4047 notat
996 3999 1224 4048 Gronov.
1259 3999 1384 4048 nihil

322 4071 388 4121 ad
415 4085 522 4122 rem
545 4070 724 4122 faeere
755 4071 816 4122 τὸ
835 4089 1006 4132 eoram,
1041 4075 1140 4125 nisi
1177 4075 1384 4126 scilicet

323 4147 522 4214 aliquid
566 4148 830 4200 addatur:
882 4151 1036 4216 plana
1069 4164 1154 4202 ree
1189 4152 1308 4218 erit,
1339 4153 1382 4203 ni

1463 3539 1664 3588 dixeris
1674 3553 1836 3589 eoram
1848 3553 1950 3602 ope,
1968 3553 2157 3603 nempe
2171 3539 2495 3590 Bruttiorum
2506 3557 2527 3604 ς

1465 3615 1602 3681 quod
1637 3615 1813 3664 malim
1836 3629 1987 3680 quam
2024 3613 2161 3680 quod
2190 3615 2378 3680 scripti
2396 3630 2527 3666 non·

1465 3693 1613 3750 nulii,
1633 3708 1689 3742 eo
1706 3694 1935 3756 recipere.

1525 3768 1540 3802 ¹
1575 3767 1755 3818 Locros
1769 3767 1918 3818 omnis
1936 3767 2189 3818 mauitudo
2204 3767 2401 3830 αὸοιοιί]
2433 3768 2525 3819 In·

1464 3846 1645 3911 telligo
1666 3846 2050 3897 multitudinem
2075 3847 2408 3910 optimarum,
2431 3847 2524 3913 qui

1465 3937 1582 3973 cum
1605 3923 1711 3974 suis
1733 3922 1787 3971 iu
1807 3935 1981 3972 arcem
2004 3919 2370 3986 confugerant:
2404 3937 2523 3974 nam

1465 3999 1633 4062 plebe,
1676 4013 1792 4063 qum
1837 4010 2019 4047 revera
2062 3997 2345 4048 multitudo
2390 4007 2526 4064 erat,

1462 4075 1702 4125 Bruttios
1740 4081 2039 4138 acceperat.
2122 4075 2231 4124 Cur
2272 4084 2446 4128 autem
2491 4091 2525 4126 a

1464 4151 1809 4204 Locrensibus
1834 4151 2009 4204 vocati
2030 4148 2231 4204 fuerint
2260 4159 2317 4204 et
2346 4151 2399 4202 in
2439 4167 2523 4203 ur-
