3300 5225
1008 462 1153 512 un.
1199 462 1440 514 xxm.
1486 462 1651 512 car.
1691 445 1801 512 31.
2317 448 2496 514 1945

296 607 615 676 niendum
652 607 829 675 diem
866 607 1201 675 ediceret:
1248 607 1405 674 inde
1445 613 1521 674 ut
1545 608 1843 692 legiones
1865 605 1894 648 ⁶
1931 608 2000 673 in
2029 615 2254 676 castra
2284 609 2495 676 Clau-

297 711 543 778 diana*¹
573 731 776 796 supra
812 712 1211 778 Suessulam
1252 711 1765 778 deducerentur.
1856 711 2032 792 Quae
2071 713 2167 779 ibi
2199 713 2492 795 legiones

292 821 541 892 esseut,
564 813 786 900 (erant
812 820 1033 880 autem
1064 813 1439 880 Cannensis
1459 815 1758 880 maxime
1786 811 2180 900 exercitus,)
2207 835 2328 881 eas
2355 815 2492 900 Ap.

296 919 623 986 Claudius
652 919 939 986 Pulcher
962 925 1211 1005 praetor
1240 919 1309 984 in
1348 918 1651 984 Siciliam
1689 920 2053 1006 trajiceret3
2101 939 2394 1004 quaeque
2425 919 2492 983 in

296 1019 538 1087 Sicilia
578 1028 829 1097 essent,
858 1021 1149 1086 Romam
1191 1020 1717 1104 deportarentur.
1804 1021 1916 1087 Ad
1957 1023 2351 1101 exercitum,
2383 1021 2494 1086 cui

296 1123 385 1188 ad
416 1124 939 1189 conveniendum
970 1122 1172 1190 Cales
1204 1125 1430 1190 edicta
1460 1124 1601 1189 dies
1630 1131 1802 1203 erat,
1824 1125 1924 1189 M.
1945 1123 2278 1190 Claudius
2309 1123 2494 1189 Mar-

294 1227 519 1293 cellus
555 1227 846 1309 missus;
888 1228 1085 1312 isque
1106 1227 1343 1313 jussus
1377 1228 1446 1292 in
1484 1228 2127 1294 castra-Claudiana
2169 1228 2496 1294 deducere

293 1331 581 1395 urbanas
618 1331 933 1414 legioneS.
1020 1329 1129 1396 Ad
1166 1339 1457 1396 veterem
1495 1333 1854 1396 exercitum
1887 1331 2346 1415 accipiendum
2379 1330 2498 1396 de-

294 1433 809 1516 ducendumque
838 1434 999 1499 inde
1026 1435 1093 1498 in
1122 1433 1469 1500 Siciliam⁷
1497 1433 1582 1499 T.
1620 1433 1930 1499 Metilius
1977 1433 2186 1500 Croto
2230 1434 2496 1518 legatus

296 1536 385 1600 ab
420 1535 557 1619 Ap.
590 1535 875 1602 Claudio
924 1541 1029 1602 est
1070 1537 1347 1602 missus.
1435 1535 1656 1603 Taciti
1707 1537 1928 1622 primo
1974 1543 2500 1620 expectaverant

293 1638 623 1716 homines,
682 1641 779 1704 uti
848 1639 1087 1704 consul
1160 1640 1439 1706 comitia
1507 1639 1784 1722 collegae
1845 1638 2131 1704 creando
2201 1639 2498 1704 haberet.

295 1740 587 1818 Deinde,
632 1741 751 1806 ubi
794 1743 1200 1825 ablegatum,
1233 1741 1415 1806 velut
1457 1742 1541 1807 de
1578 1742 1931 1820 industria,
1964 1741 2067 1807 M.
2101 1741 2496 1806 Marcellum

295 1843 625 1924 viderunt,
656 1865 856 1930 quem
886 1846 1184 1911 maxime
1206 1843 1233 1883 ⁸
1276 1845 1614 1910 consulem
1642 1845 1712 1910 in
1739 1865 1894 1910 eum
1926 1865 2171 1911 annum
2201 1844 2291 1909 ob
2315 1863 2499 1927 egre-

295 1949 405 2032 gie
434 1950 501 2012 in
546 1955 837 2032 praetura
866 1968 969 2013 res
998 1955 1222 2030 gestas
1261 1948 1472 2014 creari
1504 1947 1845 2027 volebant,
1877 1948 2186 2014 fremitus
2216 1947 2282 2012 in
2311 1947 2501 2013 curia

296 2061 405 2117 est
446 2059 656 2118 ortus.
743 2049 949 2130 Quod
994 2052 1117 2116 nbi
1166 2053 1383 2118 sensit
1426 2052 1687 2132 consul,
1736 2050 2207 2134 ‘·Utrumque,'
2256 2051 2500 2136 inquit,

295 2161 317 2190 ‘
342 2175 383 2222 e
426 2175 495 2220 re
542 2155 818 2239 publica
849 2155 999 2234 fnit,
1036 2153 1278 2220 Patres
1318 2154 1704 2238 conscripti,
1745 2160 1814 2219 et
1852 2153 1956 2218 M.
1997 2153 2358 2219 Claudium
2409 2154 2501 2219 ad

294 2257 781 2342 permutandos
810 2257 1146 2323 exercitus
1176 2257 1244 2321 in
1274 2257 1712 2342 Campaniam
1735 2256 2094 2341 proficisci,
2126 2260 2196 2320 et
2225 2257 2502 2322 comitia

294 2381 431 2426 non
477 2361 669 2445 prius
716 2360 917 2439 edici,
948 2379 1151 2444 quam
1195 2361 1257 2424 is
1300 2360 1479 2438 inde,
1515 2359 1842 2438 consecto,
1870 2358 2057 2444 quod
2105 2357 2498 2427 mandatum

296 2471 429 2542 est,
470 2463 770 2546 negotio,
817 2461 1245 2544 revertisset3
1289 2468 1363 2528 nt
1406 2482 1531 2528 vos
1577 2462 1947 2540 consulem,
1987 2479 2188 2546 quem
2231 2467 2500 2545 tempus

296 2567 389 2631 rei
447 2565 732 2650 publicae
783 2565 1183 2649 postularet,
1236 2585 1433 2651 quem
1489 2565 1786 2631 maxime
1845 2563 2074 2644 vultiS,
2119 2563 2502 2630 haberetis?

298 2668 413 2734 lta
461 2668 547 2733 de
599 2667 915 2745 comitiiS,
970 2666 1181 2733 donec
1234 2668 1434 2733 rediit
1491 2667 1886 2747 Marcellae,
1945 2667 2289 2733 silentium
2349 2668 2500 2734 suit.

296 2770 563 2835 Interea
611 2769 947 2834 duumviri
1000 2770 1203 2835 creati
1255 2777 1411 2835 sunt
1460 2767 1551 2848 Q.
1600 2769 1860 2835 Fabius
1915 2770 2258 2835 Maximus
2307 2776 2374 2836 et
2414 2768 2502 2834 T.

298 2873 639 2937 Otacilius
700 2873 1009 2951 Crassus,
1067 2874 1335 2939 aedibus
1392 2872 1805 2951 dedicandis,
1866 2871 2084 2937 Menti
2141 2871 2500 2951 Otacilius,

298 2975 563 3041 Fabius
594 2974 838 3039 Veneri
871 2973 1202 3059 Erycinae.
1291 2974 1591 3059 Utraque
1624 2976 1692 3041 in
1721 2974 2064 3061 Capitolio
2113 2980 2242 3056 est,
2281 2975 2502 3043 canali

1216 3156 1579 3177 OOOOOOOOOOOO

295 3291 571 3342 unnim—6
600 3294 616 3320 ⁸
634 3290 753 3341 Inde
771 3295 824 3340 st
848 3290 1055 3353 legiones
1076 3288 1215 3340 edidi
1241 3304 1335 3352 pro
1358 3289 1495 3352 vulg.
1526 3289 1641 3339 inde
1670 3302 1760 3339 sex
1794 3288 1999 3351 leg-iones
2016 3304 2033 3337 .·
2062 3301 2182 3337 usin
2221 3286 2288 3339 de
2315 3288 2500 3342 iisdem

296 3358 475 3407 duabu
496 3356 759 3419 leg-ionibus
781 3356 973 3406 urbanis
1009 3357 1198 3418 agitur,
1221 3364 1274 3403 et
1297 3370 1389 3404 sex
1412 3354 1703 3417 legionibus
1728 3368 1878 3403 nemo
1903 3354 1954 3402 in
1978 3354 2077 3401 hoc
2111 3352 2250 3403 bello
2273 3355 2506 3416 praefuit·

297 3424 441 3473 Hinc
462 3436 547 3471 eae
574 3421 707 3485 conj.
733 3421 971 3471 Perizon.
994 3430 1053 3471 ut
1074 3420 1119 3471 A
1147 3429 1401 3470 mutatum
1426 3420 1495 3469 sit
1516 3420 1567 3470 in
1591 3420 1676 3470 X.-
1715 3421 1790 3469 hae
1810 3426 1865 3469 et
1885 3424 1940 3467 ut
1964 3418 2164 3468 Stroth.
2231 3420 2500 3473 Posterius

293 3487 495 3553 recepi,
516 3488 639 3552 quis
658 3502 722 3536 ex
756 3486 849 3537 VT
878 3485 1125 3537 facillime
1157 3486 1235 3536 VI
1254 3486 1427 3537 enasci
1468 3484 1675 3551 potuit?
1709 3485 2010 3549 stirpem-⁷
2044 3484 2134 3534 Al.
2163 3485 2504 3538 deducendum-

1291 3645 1341 3695 N
1346 3643 1507 3695 0⁹1·AE

362 3748 387 3775 ⁸
420 3740 485 3791 Is
506 3744 666 3791 castra
691 3739 983 3804 Claudiana]
1015 3742 1142 3792 Cum
1166 3740 1271 3791 duo
1294 3756 1361 3791 ex
1442 3740 1531 3803 ds,
1566 3756 1684 3805 quoe
1707 3755 1862 3807 supra
1883 3742 2180 3793 Suessulam
2210 3742 2383 3807 posits
2412 3743 2504 3793 hs·

296 3825 458 3881 gente
488 3817 704 3867 Claudia
727 3817 777 3867 in
818 3818 1034 3882 imperio
1066 3825 1259 3874 essent,
1282 3818 1363 3868 M.
1441 3819 1637 3871 behet:
1686 3822 1872 3870 mirum
1898 3828 2068 3871 lamen
2093 3819 2230 3885 quod
2253 3820 2504 3871 Claudius

298 3892 549 3945 Claudius
571 3894 857 3944 Marcellus
875 3894 1167 3957 proconsul,
1182 3901 1237 3944 et
1257 3894 1361 3957 Ap·
1440 3896 1731 3947 Marcellus
1763 3897 1816 3946 iu
1839 3905 2012 3947 castra
2033 3896 2320 3947 Claudiana
2343 3897 2506 3961 legio·

298 3970 417 4034 pius
446 3970 693 4020 Claudius
730 3971 958 4021 Pulcher
991 3980 1213 4037 prator-3
1256 3984 1363 4020 sm·
1439 3988 1531 4025 nes
1566 3972 1825 4024 deducere
1847 3974 2025 4038 jussus
2065 3973 2288 4037 dicatur,
2328 3974 2503 4036 potius

298 4047 405 4111 bigi
435 4055 612 4112 posset
638 4048 805 4098 utrius
828 4049 939 4098 have
960 4057 1131 4098 castra
1150 4056 1362 4109 essent3
1440 4065 1592 4117 quam
1616 4050 1670 4099 iu
1693 4066 1784 4100 sus
1802 4057 1992 4100 castra.
2054 4050 2159 4100 Sed
2184 4050 2416 4115 quamvis
2433 4044 2502 4099 ab

300 4125 395 4173 nisi
424 4125 559 4189 qtiod
583 4124 789 4189 Appius
812 4139 951 4175 nune
973 4126 1195 4190 primum
1230 4137 1363 4188 prae-
1443 4142 1507 4177 eo
1530 4128 1844 4191 imperatore
1867 4142 2054 4177 nomen
2087 4128 2359 4194 habereut,
2396 4141 2502 4178 non

300 4206 473 4251 rursm
520 4202 730 4265 inierst,
772 4200 990 4251 necdum
1034 4201 1088 4250 in
1132 4202 1363 4252 Sieilism
1444 4212 1617 4254 tamen
1649 4206 1764 4270 ejus
1787 4210 1959 4257 castra
1988 4212 2160 4271 eraut,
2189 4205 2283 4255 sed
2324 4206 2502 4273 populi

302 4280 619 4343 provinciam
644 4287 760 4329 erat
785 4277 1065 4343 profectus.
1111 4280 1249 4330 Hinc
1276 4292 1363 4343 ps·
1444 4280 1684 4333 Romani.

303 4364 376 4405 tet
396 4356 601 4406 claudii
626 4356 865 4407 marceni
888 4356 1366 4421 casu-sintelligen·
1578 4339 1583 4361 ¹

431 4437 613 4501 Daph.
633 4444 683 4487 et
706 4438 823 4487 rar.
849 4437 983 4489 σιω.
1295 4438 1485 4489 Livius.
2246 4410 2294 4489 ε’
2315 4438 2373 4490 Μ
