3300 5225
787 524 962 616 '1606

809 3440 879 3492 A.
903 3440 1037 3492 Gell.

1778 563 1851 616 Τ.
1896 564 2087 616 lell

1111 729 1236 770 ram
1262 709 1418 770 ultra
1443 709 1766 789 legitimum
1786 719 2015 792 ternpus
2039 729 2237 790 gerere
2266 710 2465 772 invitis
2491 709 2793 772 ordinibus
2818 691 3016 772 omni·-

1111 807 1222 867 bus
1247 806 1684 888 perseveravit?
1728 806 1793 867 Si
1826 810 1957 887 jam
1985 807 2205 888 placet,
2232 807 2477 868 ulterius
2502 808 2708 868 merita
2736 807 3012 869 Claudiae

1111 905 1302 984 gentis
1353 903 1572 985 populo
1616 903 1895 964 Romano
1946 904 2325 985 exprobrent,
2368 913 2431 964 et
2472 903 2549 964 ad
2592 904 3015 966 decemviralis.

1110 1021 1296 1082 usque
1321 1010 1588 1082 tempora
1611 1000 1954 1083 procedant,
1995 1001 2095 1062 vel
2138 999 2217 1062 ad
2262 1002 2531 1062 ultimam
2570 1021 2754 1082 usque
2786 1004 3015 1081 generis

1113 1101 1278 1160 istius
1301 1101 1607 1179 originem.
1693 1096 2025 1181 Reperiant
2050 1099 2313 1180 profecto
2339 1101 2557 1181 potius»,
2586 1099 2887 1179 quomodo
2910 1121 3010 1160 su-

1113 1197 1319 1278 perbia
1341 1205 1402 1256 et
1425 1197 1802 1258 contumacia
1826 1196 2125 1257 mulierem
2152 1199 2325 1256 istam
2352 1197 2672 1276 majoribus
2708 1197 2829 1256 suis
2850 1197 3010 1258 simi-

1114 1293 1229 1355 lem
1253 1315 1377 1354 esse
1399 1293 1733 1365 ostendant,
1764 1314 1941 1374 quam
1970 1303 2037 1354 ut
2068 1293 2302 1354 illorum
2328 1293 2391 1353 in
2436 1294 2684 1372 gratiam
2708 1293 2847 1354 huic
2875 1314 3011 1374 par-

1111 1391 1360 1452 cendum
1375 1411 1512 1452 esse
1538 1391 1959 1454 demonstrent.

1191 1495 1292 1552 47.
1335 1499 1354 1525 ‘
1379 1487 1545 1555 Quid
1565 1489 1743 1566 igitur
1765 1507 1980 1559 causae,
2005 1507 2111 1548 cur
2134 1488 2261 1548 haec
2278 1486 2493 1548 mulier
2508 1488 2744 1568 impune
2764 1505 3011 1570 peccare

1108 1584 1349 1658 debeat,
1387 1585 1485 1646 vel
1527 1585 1622 1645 isti
1658 1584 2003 1657 attulerunt,
2045 1583 2143 1647 vel
2183 1584 2390 1644 afferre
2430 1584 2741 1665 qnisquam
2778 1583 3011 1665 potest?

1111 1683 1220 1743 nisi
1246 1682 1392 1743 forte
1415 1681 1718 1753 metuitur,
1759 1701 1831 1742 ne
1858 1690 1982 1742 tam
2007 1680 2279 1742 salutaris
2309 1681 2569 1763 exempli
2604 1680 2903 1741 foeminam
2929 1701 3007 1741 ex

1109 1780 1352 1840 civitate
1393 1787 1593 1840 nostra
1633 1779 1986 1840 amittamus.
2071 1778 2255 1845 Quod
2282 1779 2332 1838 si
2358 1798 2464 1838 vos
2493 1779 2672 1838 etiam
2702 1778 3009 1850 veremini,

1113 1875 1400 1948 Quirites,
1426 1876 1692 1946 retinete,
1728 1875 1976 1935 retinete
2016 1875 2168 1936 hanc
2196 1874 2537 1946 Claudiam,
2582 1883 2670 1946 ut,
2707 1895 2846 1934 cum
2880 1894 3012 1934 ma-

1109 1982 1292 2032 tronae
1318 1981 1528 2032 nostrae
1553 1972 1753 2032 dubiis
1792 1971 2132 2054 reipublicae
2172 1972 2533 2053 temporibus
2557 1971 2637 2032 ad
2670 1971 3011 2053 pulvinaria

1113 2069 1376 2130 Deorum
1423 2067 1822 2150 supplicatum
1865 2068 2055 2140 ibunt,
2096 2067 2330 2128 illarum
2374 2069 2479 2150 pia
2519 2077 2661 2129 vota
2702 2069 3011 2129 contrariis

1109 2167 1266 2227 votis
1283 2167 1417 2226 haee
1443 2173 1734 2226 moretur:
1776 2173 1865 2236 ut,
1884 2185 2017 2225 eum
2042 2165 2167 2224 iuae
2193 2165 2443 2226 salutem
2470 2165 2754 2225 militibus
2775 2166 3006 2238 vestris,

1108 2263 1239 2325 haec
1263 2263 1510 2324 exitium
1535 2271 1735 2344 optet3
1780 2261 1899 2322 illae
1926 2261 2247 2323 incolumes
2268 2261 2491 2333 videre,
2515 2262 2644 2322 haec
2668 2262 2873 2322 audire
2899 2283 3007 2344 op-

1109 2379 1356 2442 pressos,
1385 2360 1675 2431 concisos,
1700 2357 2028 2420 trucidatos
2050 2368 2301 2429 voveat,
2344 2358 2464 2419 illae
2488 2357 2787 2420 solicitent
2815 2358 3007 2432 Deos,

1107 2479 1182 2518 ne
1205 2457 1378 2518 multi
1407 2457 1467 2516 in
1493 2455 1656 2518 bello
1682 2465 1947 2537 pereant,
1990 2455 2118 2516 haee
2158 2457 2405 2527 incuset,
2430 2457 2481 2516 si
2506 2455 2679 2516 multi
2702 2463 3007 2517 revertan-

1107 2564 1221 2619 tur.
1307 2553 1588 2615 Retinete
1615 2552 1943 2625 mulierem,
1970 2554 2127 2634 qu'ae,
2160 2553 2311 2615 sicut
2336 2553 2469 2614 aliae
2494 2562 2776 2615 matronae
2814 2553 3009 2616 claro·

1107 2674 1231 2713 rum
1256 2654 1512 2713 virorum
1539 2649 1912 2711 aemulatione
1953 2651 2169 2712 liberos
2209 2652 2680 2733 propinquosque
2712 2650 2903 2711 solent
2928 2651 3006 2711 ad

1105 2751 1401 2821 virtutem,
1430 2749 1508 2809 ad
1535 2767 1792 2809 amorem
1819 2748 2047 2827 patriae,
2093 2747 2170 2808 ad
2209 2748 2519 2809 caritatem
2557 2748 2773 2809 civium
2806 2749 3008 2809 incen-

1106 2847 1265 2917 dere,
1291 2867 1426 2907 suos
1471 2845 1748 2927 exemplo
1789 2844 1872 2907 P.
1922 2844 2166 2905 Claudii
2210 2864 2471 2926 pugnare
2519 2854 2760 2917 temere,
2804 2845 3009 2926 fugere

1105 2944 1370 3025 turpiter,
1395 2944 1556 3003 cives
1579 2945 1822 3004 sceleste
1850 2941 2112 3023 perdere,
2139 2942 2559 3023 rempublicam
2580 2943 3004 3003 contumeliose

1103 3039 1402 3120 despicere
1441 3037 1696 3110 doceat:
1750 3042 1879 3101 haec
1917 3040 1996 3098 ab
2032 3038 2282 3113 infantia
2322 3039 2667 3100 meditanda
2715 3050 3007 3121 proponat

1103 3136 1403 3196 nobilibus
1428 3138 1640 3218 pueris,
1678 3136 1806 3197 haec
1834 3135 2120 3196 imitanda
2141 3134 2646 3197 adolescentibus:
2688 3138 2777 3197 sic
2810 3137 3001 3197 imbu-

1103 3242 1296 3303 antur,
1323 3233 1534 3314 quibus
1569 3233 1787 3293 classes
1818 3241 2061 3304 vestras,
2087 3233 2300 3313 quibus
2322 3233 2617 3293 exercitus
2639 3235 3005 3294 commissuri

1103 3331 1285 3391 estis.'
1359 3328 1534 3390 Talia
1559 3350 1697 3391 cum
1724 3330 1877 3391 ultro
1908 3330 2171 3410 citroque
2189 3333 2429 3410 jactata
2456 3340 2674 3401 essent,
2704 3330 2910 3390 missus
2938 3334 3001 3391 in

1103 3426 1443 3506 suffragium
1497 3427 1748 3508 populus
1772 3426 2080 3487 damnavit
2120 3446 2302 3497 ream,
2358 3427 2696 3507 mulctaque
2744 3428 2800 3486 ei
2839 3426 3003 3489 dicta

1104 3532 1194 3583 est
1218 3524 1348 3583 aeris
1382 3524 1574 3601 gravis
1599 3526 1857 3604 quinque
1884 3533 1945 3583 et
1983 3524 2191 3602 viginti
2234 3521 2475 3585 millia!
2556 3522 2655 3583 Ex
2695 3523 2810 3583 hac
2848 3524 2999 3585 alia-

926 3650 1022 3683 ιιι
1064 3670 1080 3686 .
1105 3641 1219 3701 que
1263 3620 1616 3681 mulctatitia
1649 3621 1903 3701 pecunia
1928 3619 2024 3679 Ti.
2056 3620 2435 3700 Sempronius
2462 3618 2653 3680 aedilis
2678 3619 2866 3680 aedem
2894 3622 2999 3681 Li-

1103 3717 1349 3777 bertatis
1371 3717 1430 3775 in
1465 3716 1773 3777 Aventino
1800 3716 1942 3776 fecit
1965 3715 2403 3796 dedicavitque.

1181 3822 1281 3874 48.
1329 3814 1419 3874 Μ.
1447 3813 1659 3874 deinde
1692 3812 1910 3873 Fabius
1938 3812 2033 3875 M.
2066 3812 2136 3873 F.
2170 3812 2263 3872 M.
2292 3811 2381 3873 N.
2416 3812 2631 3885 Buteo,
2662 3812 2739 3874 C.
2772 3813 3003 3875 Atilius

871 3946 898 3976 v
1009 3928 1022 3943 ·
1104 3909 1188 3969 A.
1231 3909 1302 3971 F.
1350 3909 1436 3970 A.
1487 3909 1574 3970 N.
1623 3909 1855 3969 Bulbus
1897 3908 2263 3970 consulatum
2309 3910 2529 3969 ineunt.
2614 3909 2833 3970 Coloni
2870 3919 2999 3970 tum

1101 4006 1342 4067 deducti
1387 4006 1702 4085 Fregenae,
1730 4007 1933 4066 urbem
1974 4006 2227 4065 Etruriae
2253 4006 2629 4077 maritimam,
2672 4006 2750 4066 ad
2778 4027 2999 4068 nonum

1103 4103 1358 4185 lapidem
1387 4104 1464 4163 ab
1493 4102 1692 4175 Alsio,
1716 4102 1949 4163 colonia
1976 4112 2111 4163 ante
2137 4102 2436 4163 biennium
2462 4101 2741 4163 deducta.
2826 4103 3000 4183 Pug-

1163 4258 1192 4295 δ
1223 4260 1360 4311 ,Ενέε
1375 4261 1544 4323 grat-is
1561 4260 1761 4325 quinque
1782 4265 1829 4310 et
1849 4261 2005 4323 m’gz‘n-
2078 4259 2185 4311 broe
2206 4256 2379 4324 pondo
2400 4264 2483 4309 25.
2505 4272 2694 4309 marcae
2730 4265 2996 4311 nostrates

1099 4324 1142 4376 a·
1161 4326 1335 4390 millia]
1371 4326 1431 4376 ld
1465 4334 1564 4389 est,
1585 4328 1639 4376 in
1661 4333 1877 4391 argento
1903 4328 2001 4376 Ro·
2076 4330 2158 4377 ³9.
2178 4340 2293 4375 cum
2315 4338 2415 4374 una
2432 4326 2707 4393 semuncia.
2745 4326 2886 4373 Creo.

1092 4406 1268 4449 mano..
1293 4400 1350 4443 ut
1387 4400 1496 4444 mm
1533 4392 1909 4455 aestimabatur,
1944 4392 2005 4441 li·
2139 4400 2159 4425 ⁶
2189 4391 2257 4443 Α.
2280 4390 2349 4443 U.
2374 4391 2437 4443 C.
2457 4394 2572 4440 50⁸1.
2608 4388 2673 4441 Α.
2700 4390 2762 4441 C.
2784 4394 2905 4440 2⁴5.
