3300 5225
753 475 926 544 1988
1025 551 1032 564 ‚
1694 491 1764 539 τ.
1814 489 1999 539 mvn

755 637 1096 726 praesidio.
1184 634 1424 720 Itaque
1453 632 1721 717 Rhegio
1759 632 2112 716 extemplo
2153 633 2543 699 abscessum
2580 641 2731 700 est-⁶³
2818 636 2955 702 Lo·

755 729 1096 807 crensibus
1117 739 1320 823 jussu
1351 736 1761 802 Hannibalis
1784 737 1947 801 data
1970 755 2135 820 pax,
2164 740 2187 770 ‘
2206 745 2277 800 ut
2302 737 2491 802 liberi
2520 737 2665 802 suis
2686 738 2953 821 legibus

754 845 1091 911 viverent:
1137 841 1296 906 urbs
1327 846 1588 924 pateret
1637 838 1901 916 Poenis,
1940 847 2219 922 portuse
2270 838 2341 904 in
2378 843 2776 922 potestatem
2816 841 2957 906 Lo·

759 947 1090 1011 crensium
1109 943 1140 986 ⁶
1167 950 1392 1010 essetz
1437 941 1735 1007 societas
1758 960 1841 1006 eo
1860 941 2017 1024 jure
2046 947 2272 1018 staret,
2290 949 2366 1005 ut
2384 942 2641 1006 Poenus
2664 943 2957 1009 Locren-

757 1068 920 1126 sem,
950 1047 1443 1130 Locrensisque
1470 1045 1786 1122 Poenum,
1816 1063 1988 1128 pace
2019 1063 2102 1110 ac
2123 1043 2310 1109 bello
2331 1043 2648 1128 juvaret.'

841 1149 910 1214 2.
954 1149 1070 1216 Sic
1093 1169 1138 1214 a
1159 1148 1332 1214 freto
1356 1149 1385 1188 ὅ
1409 1147 1608 1213 Poeni
1647 1146 1930 1223 reducti,
1960 1145 2399 1212 frementibus
2429 1149 2741 1229 Bruttiis,
2769 1149 2955 1234 quod

757 1253 1092 1337 Rhegium
1123 1271 1206 1318 ac
1227 1251 1506 1329 Locros,
1524 1269 1697 1333 quas
1716 1249 1914 1314 nrbes
1935 1249 2311 1332 direpturos
2332 1269 2407 1313 se
2430 1249 2955 1330 destinaverant,

757 1358 1050 1423 intactas
1079 1355 1524 1440 reliquissent.
1614 1353 1857 1436 Itaque
1882 1372 2000 1438 per
2024 1371 2101 1417 se
2128 1353 2287 1436 ipsi,
2315 1353 2712 1438 conscriptis
2738 1373 2960 1422 arma·

758 1463 978 1543 tisque
1009 1456 1386 1544 juventutis
1441 1475 1588 1522 snae
1640 1455 2035 1539 quindecim
2084 1455 2410 1534 millibus,
2460 1455 2549 1520 ad
2599 1455 2963 1524 Crotonem

759 1560 1278 1646 oppugnandum
1329 1564 1610 1642 pergunt
1662 1557 1802 1638 ire3
1862 1556 2173 1622 Graecam
2214 1564 2283 1622 et
2323 1558 2544 1642 ipsam
2590 1561 2840 1638 urbem,
2886 1567 2963 1626 et

759 1663 1195 1729 maritimam:
1239 1661 1591 1746 plurimum
1619 1677 2049 1724 accessurum
2086 1661 2357 1744 opibus,
2402 1661 2465 1726 si
2500 1661 2572 1726 in
2607 1682 2729 1728 ora
2756 1665 2963 1728 maris

761 1766 996 1830 urbem
1025 1770 1224 1848 portu
1266 1782 1350 1828 ac
1391 1762 1727 1828 moenibus
1769 1762 2111 1829 validam⁷
2156 1764 2548 1842 tenuissent,
2584 1763 2961 1831 credentes.

763 1866 864 1932 Ea
911 1883 1070 1932 cura
1103 1865 1414 1948 angebat,
1454 1864 1636 1948 quod
1680 1885 1903 1950 neque
1940 1884 2069 1931 non
2113 1885 2448 1933 arcessere
2490 1865 2580 1933 ad
2626 1868 2964 1934 auxilium

761 1969 1019 2034 Poenos
1047 1968 1220 2034 satis
1249 1966 1609 2046 audebant,
1639 1987 1723 2032 ne
1753 1968 1917 2052 quid
1956 1988 2089 2035 non
2119 1988 2243 2052 pro
2282 1969 2488 2035 sociis
2524 1971 2744 2054 egisse
2773 1971 2967 2038 vide-

761 2078 1026 2152 rentur3
1045 2080 1070 2108 ⁰
1110 2077 1200 2146 et,
1251 2067 1312 2132 si
1358 2067 1618 2134 Poenus
1662 2088 1889 2135 rursus
1934 2071 2149 2154 magis
2192 2072 2447 2137 arbiter
2492 2075 2709 2158 pacis,
2754 2093 2965 2159 quam

761 2173 1025 2258 adjutor
1066 2170 1252 2251 belli,
1291 2170 1553 2249 suisset,
1583 2191 1671 2236 ne
1710 2175 1780 2238 in
1824 2171 2197 2239 libertatem
2228 2172 2565 2256 Crotonis,
2598 2177 2775 2242 sicut
2809 2183 2967 2243 ante

763 2277 1151 2353 Locrorum,
1177 2274 1426 2340 frustra
1455 2281 1881 2359 pugnaretur.
1971 2274 2215 2360 Itaque
2232 2278 2567 2361 optimum
2582 2280 2798 2344 visum
2828 2287 2967 2360 est,

763 2378 852 2444 ad
883 2376 1336 2444 Hannibalem
1381 2378 1559 2442 mitti
1586 2377 1863 2461 legatos,
1890 2380 2250 2464 caverique
2280 2381 2369 2446 ab
2406 2400 2511 2461 eo,
2542 2387 2619 2446 ut
2646 2393 2966 2466 receptus

764 2481 971 2548 Croto
1009 2480 1430 2546 Bruttiorum
1468 2487 1671 2546 esset.
1760 2479 2110 2547 Hannibal
2154 2501 2307 2548 cum
2351 2484 2783 2568 praesentium
2808 2503 2967 2550 eam

765 2583 1315 2651 consultationem
1362 2581 1561 2649 esses
1599 2583 2083 2668 respondisset,
2126 2591 2196 2652 et
2247 2584 2336 2651 ad
2396 2585 2792 2652 Hannonem
2846 2605 2969 2653 eos

763 2686 1133 2771 rejecisset,
1177 2686 1266 2751 ab
1297 2686 1632 2751 Hannone
1676 2686 1839 2751 nihil
1888 2688 2054 2753 certi
2098 2686 2495 2755 ablatum.⁸‘¹
2584 2688 2741 2755 Nec
2784 2690 2967 2755 enim

763 2789 968 2875 diripi
997 2788 1312 2855 volebant
1352 2788 1644 2853 nobilem
1677 2794 1881 2873 atque
1914 2789 2295 2873 opulentam
2322 2792 2595 2857 urbem:
2640 2799 2707 2857 et
2732 2812 2970 2877 spera-

765 2894 948 2971 bant,
988 2912 1136 2959 cnm
1183 2892 1492 2958 Bruttius
1540 2899 1984 2976 oppugnaret,
2028 2890 2288 2959 Poenos
2330 2913 2459 2959 nec
2494 2894 2804 2978 probare,
2838 2914 2969 2961 nec

831 3101 854 3129 θ
883 3095 964 3145 Διί
991 3092 1228 3157 Rhegium
1247 3094 1468 3171 oppidum
1491 3090 1713 3157 impedio
1735 3092 1963 3157 presidio
1982 3093 2163 3161 infide
2180 3093 2509 3146 retine-dun:
2538 3094 2611 3145 nie
2632 3094 2967 3147 Poenius-fin

829 3296 850 3323 ⁰
885 3290 962 3339 Ne
983 3290 1257 3339 viderentur
1275 3288 1456 3352 aliquid
1477 3286 1653 3347 seciae
1673 3301 1769 3337 non
1788 3292 2016 3351 tanqum
2032 3288 2167 3339 socii.

797 3350 856 3468 ας
882 3354 942 3405 ld
961 3353 1311 3404 delibes-amma
1329 3352 1589 3403 emabiis
1618 3352 1702 3416 qui
1728 3358 1985 3417 presentes
2016 3358 2190 3413 nant,-
2218 3354 2603 3418 menania
2624 3354 2843 3405 Bruttiis
2860 3353 2973 3404 abe-

768 3432 796 3466 r
851 3451 866 3467 .

1686 3509 1953 3533 OOOOOOOOO
1958 3509 2048 3533 000

764 3634 860 3679 -5
885 3628 1203 3679 Bomilcarem
1221 3625 1520 3677 Stroth—6
1552 3629 1568 3656 ‘
1596 3628 1723 3678 Urbe
1738 3628 1922 3693 puriter
1941 3634 1989 3680 et
2008 3636 2175 3695 portu·
2192 3631 2247 3682 in
2261 3635 2495 3696 potestate
2516 3630 2661 3681 Locr-
2684 3629 2823 3681 Edd-
2845 3638 2974 3680 ante

767 3694 999 3745 Gronov·
1048 3692 1151 3744 Sed
1175 3700 1230 3743 et
1247 3692 1333 3743 hic
1352 3698 1588 3755 pereunte
1607 3694 1841 3756 retinuit,
1864 3709 1960 3759 pro
1980 3710 2083 3761 quo
2105 3697 2262 3748 Crev.
2286 3695 2580 3747 faventibus
2603 3694 2817 3759 optimis
2840 3697 2975 3745 Mea.

761 3764 1045 3823 potestatem
1069 3757 1310 3836 recepit-²
1339 3756 1526 3807 Ser-otta
1593 3759 1711 3808 vid.
1736 3758 1867 3811 Not.
1888 3761 2013 3811 Var-

831 3828 862 3873 7
899 3824 961 3874 δι’
979 3824 1032 3874 in
1051 3838 1136 3873 om
1155 3837 1304 3873 mem
1321 3828 1511 3887 portum
1529 3838 1586 3872 ae
1605 3823 1767 3873 urbem
1786 3824 2013 3875 menibu-
2031 3824 2238 3875 validm
2261 3824 2397 3875 add.
2422 3832 2547 3876 ante
2570 3825 2842 3875 Drak.—8
2863 3826 2881 3853 ‘
2902 3822 2975 3873 fl.

768 3889 804 3938 l.
829 3890 1000 3953 aptior
1021 3888 1228 3939 videtur
1248 3888 1461 3952 vulgata
1482 3887 1638 3939 lectio
1659 3890 1875 3939 allatum.
1938 3890 2047 3939 Pro
2074 3889 2310 3940 Hannone
2330 3888 2470 3941 forte
2492 3891 2594 3955 leg.
2612 3890 2715 3952 boe,
2748 3896 2808 3939 ut
2842 3888 2969 3939 illud

769 3969 800 4005 e
821 3968 986 4019 marg.
1015 3954 1304 4019 irrepserit.
1368 3952 1500 4003 Mox
1533 3958 1582 4004 et
1619 3962 1739 4019 post
1772 3960 2065 4019 oppugnaret
2102 3956 2362 4007 excidisse
2395 3954 2668 4021 suspicor-3
2701 3954 2975 4019 Rupere.—

1768 4072 1981 4166 κοτὲ

831 4238 854 4266 ⁶
891 4228 1018 4281 Urbs
1049 4233 1234 4292 pateret
1276 4228 1460 4291 Poenin,
1495 4234 1679 4293 portur,
1718 4230 1829 4295 qm]
1971 4230 1997 4265 ἅ
2028 4231 2109 4282 Ab
2154 4232 2390 4282 Hannone
2428 4232 2554 4283 nihil
2600 4234 2723 4283 certi
2762 4232 2979 4283 ablatum

769 4309 956 4361 Lectio
975 4312 1058 4357 est
1080 4305 1412 4356 Gronoviiex
1429 4306 1609 4357 codice
1633 4306 1828 4359 Putea·
1908 4307 2157 4373 [aucum]
2190 4309 2329 4361 Gall.
2354 4308 2567 4360 flama
2604 4326 2666 4361 ιιι
2700 4324 2751 4361 κ
2782 4312 2979 4360 declar-e

769 4400 857 4437 no.
892 4382 1190 4449 vulgo-rba
1207 4383 1391 4447 puriter
1404 4388 1452 4434 et
1464 4383 1827 4449 Poenisporess.
1902 4386 2057 4449 point.
