3300 5225
810 485 985 556 1830

810 651 901 716 ab
940 647 1209 728 iisdem,
1260 667 1411 715 cum
1462 647 1786 716 debellari
1834 649 2082 734 possit,
2131 647 2366 713 fraude
2406 647 2478 713 id
2525 647 2776 713 bellum
2821 647 3017 716 mhi.

810 750 981 819 Cum
1056 756 1347 836 quatuor
1410 751 1696 818 militum
1714 759 1768 803 ¹⁹
1831 752 2256 834 legionibus!
2327 751 2662 816 universis
2729 751 3022 835 pugnari

808 873 1019 940 posse
1062 853 1463 940 apparuisse
1516 875 1623 932 eo,
1677 854 1859 938 quod
1897 853 1999 918 Μ.
2049 853 2420 932 Minuciae,
2463 855 2743 918 absente
2775 853 3017 933 Fabio,

806 976 1125 1042 prospere
1166 964 1569 1041 pugnasset;
1612 956 1782 1022 duas
1827 957 2127 1040 legiones
2165 955 2346 1022 hosti
2376 957 2464 1023 ad
2495 957 2756 1022 caedem
2789 957 3022 1041 objec-

808 1066 941 1137 tas,
990 1057 1231 1124 deinde
1272 1078 1363 1128 ex
1410 1060 1565 1144 ipsa
1606 1057 1800 1124 caede
1855 1063 2140 1142 ereptae,
2195 1064 2270 1123 ut
2311 1062 2502 1142 pater
2541 1066 3018 1142 patronusque

808 1161 1277 1245 appellaretur,
1346 1161 1465 1245 qui
1524 1161 1714 1246 prius
1777 1160 2044 1224 vincere
2105 1159 2570 1245 prohibuisset
2627 1159 3015 1238 Romanos,

806 1281 1011 1346 quam
1054 1261 1258 1329 vinei.
1342 1261 1676 1330 Consules
1721 1260 1964 1327 deinde
2007 1260 2332 1328 Fabianis
2376 1263 2658 1341 artibuS,
2689 1283 2854 1328 cum
2899 1263 3014 1326 de-

804 1365 1055 1430 bellare
1105 1371 1411 1448 possent,
1461 1365 1708 1433 bellum
1753 1365 2072 1432 traxisse.
2185 1365 2269 1430 Id
2303 1365 2523 1432 foedus
2565 1367 2739 1432 inter
2779 1383 3016 1430 omnes

802 1466 1063 1532 nobiles
1091 1468 1333 1534 ictum:
1376 1487 1505 1534 nec
1531 1467 1728 1533 finem
1759 1474 1915 1532 aute
1946 1466 2108 1532 belli
2133 1467 2510 1546 habituros,
2535 1487 2740 1553 quam
2771 1487 3016 1534 consu·

801 1565 933 1632 lem
962 1589 1121 1635 vere
1149 1570 1507 1654 plebeium,
1528 1571 1600 1636 id
1622 1577 1746 1651 est,
1763 1570 2102 1638 bominem
2127 1589 2398 1650 novum,
2421 1569 2769 1636 fecissent.
2825 1569 3016 1636 Nam

802 1671 1101 1756 plebeios
1138 1673 1401 1740 nobiles
1438 1673 1591 1759 jam
1620 1673 1872 1740 eisdem
1919 1673 2223 1742 initiatos
2263 1693 2420 1739 esse
2449 1675 2714 1752 sacris:
2743 1681 2816 1739 et
2855 1693 3016 1739 con·

802 1780 1097 1840 temnere
1142 1776 1429 1861 plebem,
1486 1797 1578 1842 ex
1630 1796 1768 1861 quo
1815 1777 2150 1842 contemni
2201 1769 2518 1842 desierint
2569 1796 2612 1843 a
2656 1774 3012 1856 Patribus,

802 1877 1119 1960 coepisse.
1206 1876 1339 1944 Cui
1385 1899 1521 1946 non
1570 1877 1641 1944 id
1687 1885 2091 1964 apparere,²⁰
2137 1878 2208 1943 id
2249 1885 2476 1944 actum
2525 1885 2600 1942 et
2639 1880 3012 1962 quaesitum

802 1996 973 2058 esse,
1006 1985 1081 2044 ut
1108 1980 1551 2064 interregnum
1576 1980 1874 2060 iniretur,
1905 1987 1984 2046 ut
2023 1979 2094 2044 in
2125 1979 2396 2046 Patrum
2428 1987 2776 2065 potestate
2805 1981 3014 2047 eomi-

801 2080 899 2144 tia
950 2085 1181 2146 essent
1194 2083 1225 2146 ‘l
1244 2089 1271 2118 ⁸
1356 2081 1443 2148 Id
1492 2082 1814 2148 consules
1865 2081 2102 2148 ambos
2147 2083 2234 2147 ad
2279 2085 2646 2148 exercitum
2687 2080 3014 2148 morando

802 2183 1165 2266 quaesisse:
1208 2183 1282 2250 id
1328 2191 1591 2270 postea,
1632 2185 1798 2269 quia
1833 2183 2064 2250 invitis
2105 2184 2194 2252 iis
2237 2183 2534 2251 dictator
2569 2195 2760 2250 esset
2788 2185 3014 2250 dictus

802 2285 1223 2352 comitiorum
1252 2306 1489 2368 cansa,
1528 2294 1979 2374 expugnatum
2026 2285 2230 2368 esse,¹’
2270 2293 2348 2354 nt
2391 2287 2682 2355 vitiosus
2719 2286 3016 2354 dictator

1760 505 1834 556 T.
1882 505 2074 553 lell

1720 2467 2088 2494 mmmOae

798 2586 997 2640 fuerit!
1032 2589 1369 2656 &pert—18
1404 2589 1491 2642 ΑΙ.
1512 2589 1915 2641 abdentes—19
1947 2588 2218 2641 ‘Militum
2271 2585 2426 2640 Hanc
2441 2601 2620 2639 vocem
2638 2589 2894 2663 tauquam
2917 2585 3016 2637 oti-

799 2668 942 2704 osam
980 2654 1255 2707 delendam
1285 2666 1467 2707 censet
1506 2656 1831 2706 Crevierins:
1869 2655 1960 2704 sed
1993 2670 2112 2707 usus
2147 2655 2387 2720 loquendi
2415 2666 2556 2717 saepe
2585 2652 2690 2702 fert
2719 2666 2840 2717 ejus
2871 2651 3014 2702 modi

797 2719 1202 2783 abundantiam3
1235 2723 1307 2772 sic
1338 2737 1387 2773 v.
1420 2736 1469 2771 c.
1501 2722 1684 2771 eadem
1715 2720 2033 2771 abundantia
2065 2734 2115 2771 c.
2147 2724 2228 2770 87.
2262 2720 2472 2771 ‘classis
2503 2716 2738 2768 navium·
2779 2715 3016 2767 dieitur!

798 2784 1041 2847 During.
1098 2786 1239 2836 Olim
1264 2787 1538 2850 legebatur
1561 2788 1684 2836 Cum
1702 2790 1907 2851 quatuor
1927 2818 1944 2833 .
1966 2818 1983 2836 .
2004 2822 2021 2838 .
2041 2785 2356 2850 apparuisset,
2371 2800 2429 2835 ue
2447 2788 2648 2833 een—20
2681 2786 2697 2811 ⁸
2721 2784 2824 2832 Cui
2845 2798 2942 2831 m
2957 2783 3012 2830 ia

796 2856 1013 2913 eppo-ee.
1078 2851 1307 2905 Quidam
1326 2856 1607 2916 appareret.-
1638 2854 1730 2902 sed
1755 2852 1979 2917 optimus
2000 2859 2058 2902 et
2091 2851 2215 2901 Pet.
2233 2864 2477 2915 apperen-
2541 2848 2773 2899 Videtur
2795 2848 3012 2899 dedisse

1797 2996 2014 3051 1401·AE

797 3109 1035 3160 Octaviis
1056 3110 1361 3161 attributum
1384 3110 1597 3177 legitur.

860 3192 883 3225 5
918 3186 1041 3235 Cum
1080 3192 1283 3251 quatuor·
1321 3188 1528 3238 militans
1568 3186 1857 3253 legionibus]

796 3260 896 3311 His
919 3262 1269 3326 intelligendis
1305 3264 1595 3328 repetenda
1624 3278 1740 3327 que
1774 3278 1857 3314 su-

794 3351 892 3401 pra
913 3350 1033 3405 cap.
1054 3343 1137 3392 24.
1156 3344 1241 3391 2⁴1.
1274 3348 1331 3391 et
1362 3340 1562 3392 duobus
1594 3356 1744 3408 seqq.
1765 3341 1856 3391 bu·

786 3413 877 3478 jus
900 3414 1039 3464 libri.

854 3498 878 3524 ⁸
914 3490 1128 3541 Plebeiae
1146 3490 1325 3542 nobiles
1342 3492 1453 3555 jaas
1482 3493 1659 3544 eisde-
1687 3492 1852 3543 initia-

793 3568 1179 3635 tssessesacris]
1234 3568 1339 3619 Eos
1374 3570 1625 3635 intelligit
1663 3568 1754 3635 qui
1787 3584 1855 3621 ex

792 3642 991 3707 origine
1033 3644 1259 3710 plebeia,
1294 3659 1393 3710 per
1430 3646 1637 3697 curules
1667 3647 1852 3711 magis-

794 3728 961 3771 tratus
1002 3722 1333 3774 nobilitatem
1376 3723 1577 3789 adepti,
1626 3724 1852 3776 eundem

793 3810 909 3846 enm
952 3798 1212 3849 veteribus
1256 3800 1490 3865 patriciis
1532 3801 1757 3852 animum
1799 3802 1850 3852 iu

792 3870 997 3935 plebem
1020 3872 1315 3934 induerant.
1346 3875 1589 3941 idemque
1611 3890 1728 3927 cum
1753 3876 1852 3926 illis

792 3950 1091 4003 sentiebant
1114 3968 1131 4003 ε
1186 3968 1290 4019 quo
1333 3966 1487 4005 sensu
1526 3954 1851 4019 Rhodiginus

792 4025 1171 4091 interpretatur
1202 4030 1318 4081 boec
1352 4030 1660 4097 ven-badas·
1678 4032 1852 4081 eisdem

790 4102 1007 4155 initiatos
1056 4106 1206 4155 saeris
1236 4123 1255 4158 .-
1321 4121 1613 4174 quanqua-
1669 4122 1852 4159 verum

790 4195 992 4248 quoque
1014 4190 1093 4234 est
1116 4194 1443 4251 auguratum,
1466 4184 1851 4251 pontificatum,

791 4259 995 4325 aliaque
1025 4264 1321 4316 sacerdotia
1356 4266 1455 4317 boc
1485 4273 1724 4331 ternpore
1759 4274 1850 4331 pes

1999 3118 2026 3147 ⁸
2065 3112 2138 3162 Ue
2165 3112 2219 3161 ia
2241 3111 2448 3161 Patr-am
2465 3112 2695 3173 potestate
2713 3106 2918 3157 confili-
2937 3122 3012 3158 es·

1937 3188 2068 3253 sent]
2134 3187 2275 3242 Quid
2331 3187 2410 3237 ita
2462 3184 2676 3236 comitia
2727 3184 3010 3238 consulum

1938 3264 2280 3317 cresudorum
2304 3264 2472 3327 magis
2496 3261 2548 3313 in
2567 3275 2722 3311 manu
2744 3268 2804 3311 et
2830 3270 3012 3327 potes-

1937 3350 2050 3393 tste
2071 3342 2294 3393 Senatus
2315 3347 2486 3397 erant,
2509 3354 2626 3391 eum
2651 3352 2744 3403 per
2777 3336 3010 3388 dictato-

1937 3433 2064 3475 rem,
2083 3432 2238 3483 quam
2257 3432 2374 3467 cnm
2389 3432 2484 3481 per
2502 3417 2818 3479 interregem
2841 3414 3012 3465 habe·

1933 3494 2159 3547 bantur?
2194 3493 2268 3545 At
2290 3501 2396 3544 tam
2412 3492 2642 3543 dictator
2657 3504 2812 3557 qnam
2837 3490 3010 3541 inter·

1935 3588 2087 3638 reges
2109 3588 2175 3623 ex
2189 3574 2500 3623 Senatorum
2519 3581 2734 3619 numero
2755 3567 3008 3617 diceren-

1938 3657 2042 3701 tur.
2077 3649 2159 3700 An
2183 3647 2320 3714 qnod
2345 3645 2571 3697 dictator
2595 3660 2626 3695 a
2649 3645 2866 3695 consule
2889 3646 3008 3695 solo

1937 3726 2218 3789 diceretur,
2239 3726 2528 3788 interreges
2562 3738 2595 3772 a
2628 3730 2742 3773 toto
2763 3724 2969 3772 Senatu
2988 3722 3012 3770 ἓ

1935 3816 2000 3853 sn
2038 3801 2177 3868 quod
2209 3801 2254 3851 si
2277 3808 2551 3866 suspectus
2585 3798 2858 3849 incidisset
2889 3798 3008 3849 die·

1933 3884 2094 3943 tator,
2115 3878 2342 3928 amoveri
2366 3884 2488 3927 ante
2510 3883 2758 3926 semestre
2777 3888 2884 3926 non
2907 3889 3008 3941 po-

1932 3956 2110 4006 terat?
2133 3952 2178 4005 s‘i
2194 3956 2244 4005 iu
2261 3957 2522 4018 interrege
2541 3960 2815 4018 peceatum
2833 3958 3005 4008 esset.

1931 4031 2087 4084 facile
2141 4032 2335 4097 corrigi
2391 4045 2538 4081 error
2589 4037 2822 4095 poterat,
2874 4038 3006 4095 post

1931 4111 2168 4177 quintum
2189 4109 2330 4160 diem
2352 4108 2564 4175 prodito
2581 4108 2648 4159 de
2671 4121 2812 4159 nore
2831 4108 3004 4159 inter·

1929 4200 2056 4251 rege
2079 4186 2214 4237 alio?

1993 4264 2019 4299 δ
2051 4264 2398 4328 Empulum
2411 4260 2536 4325 esse]
2567 4258 2798 4312 Sumitur
2810 4276 3002 4325 expug-

790 4350 882 4387 nes
908 4338 1137 4401 plebeios
1160 4356 1262 4393 non
1302 4342 1466 4396 minus
1496 4358 1647 4411 quam
1684 4359 1846 4411 penes
1925 4356 2044 4393 vim-e
2079 4342 2180 4393 hoc
2218 4342 2336 4393 loco
2375 4354 2473 4405 pro
2503 4348 2836 4405 extorquere,
2857 4340 2996 4391 obti-

791 4414 1037 4477 patricios
1060 4415 1234 4469 fuisse.

1931 4434 2072 4471 nere.
2106 4420 2248 4471 Gall.
2267 4433 2328 4469 on
2349 4418 2478 4469 auoit
2496 4418 2658 4482 gagnb
2676 4418 2794 4469 cela.
