3300 5225
491 921 2397 1056 SUPPLEMENTUM

1159 1217 1434 1285 LIBRI
1486 1218 1719 1288 xlx.

1002 1455 1877 1538 HISTORIARUM

637 1697 758 1786 T.
886 1696 1298 1790 LIVII
1417 1697 2230 1791 PATAVINI.

321 2219 380 2275 1.
420 2185 854 2278 Pnorsscrls
871 2219 951 2278 nb
975 2218 1120 2279 urbe
1140 2217 1724 2298 Carthaginiensium
1750 2217 1983 2300 legatis,
2008 2239 2221 2282 eonsu-
2300 2233 2311 2246 ·

319 2309 426 2384 les,
448 2315 963 2377 senatusconsulto
987 2315 1312 2376 exercitum
1338 2317 1400 2376 in
1429 2315 1699 2378 Siciliam
1722 2315 2031 2398 deportare
2046 2319 2223 2397 jussi,

317 2409 530 2490 cupide
555 2420 898 2492 paruerunt,
944 2420 1006 2472 et
1047 2413 1138 2472 ira
1179 2413 1240 2472 in
1281 2413 1480 2474 hostes
1519 2413 1753 2474 accensi
1776 2414 1857 2474 ob
1886 2413 1981 2474 M.
2012 2413 2221 2494 Regu-

317 2508 462 2576 lum,
487 2519 552 2568 et
595 2508 974 2568 emulatione
997 2529 1220 2590 speque
1244 2528 1322 2570 ex
1349 2507 1420 2568 L.
1451 2507 1690 2570 Metelli
1723 2509 2072 2591 proconsule
2096 2512 2222 2572 vie·

314 2609 488 2669 tatia.
573 2603 716 2666 Nee
757 2605 918 2667 enim
957 2604 1214 2667 confecti
1255 2605 1478 2685 negotii
1510 2605 1977 2685 magnitudinem
2002 2606 2221 2670 domno
2244 2620 2546 2688 Polyb.1.41.

312 2713 544 2765 tantum
583 2700 1084 2781 Carthaginiensis
1123 2702 1329 2783 populi
1371 2702 1787 2774 metiebantur,
1822 2703 1986 2783 quod
2011 2704 2221 2765 amisso

313 2799 579 2862 exercitu
617 2808 899 2879 tantoque
931 2818 1174 2859 numero
1208 2798 1655 2880 elephantorum
1700 2798 1779 2859 ud
1807 2798 2040 2881 reliqua
2076 2798 2222 2861 belli

311 2896 507 2958 factus
530 2906 686 2955 esset
719 2895 1024 2967 infirmior,
1057 2895 1162 2955 sed
1202 2895 1364 2955 haud
1389 2897 1580 2955 minus
1603 2916 1699 2969 eo,
1743 2894 1905 2976 quod
1946 2916 2223 2978 prospera

309 3013 444 3053 eum
470 2990 688 3053 belluis
711 3012 911 3072 pugna
950 2990 1216 3053 Romani
1241 2989 1458 3052 milites
1483 2992 1745 3053 animum
1779 3012 1857 3052 ex
1886 2993 2077 3073 priore
2102 2993 2221 3055 for·

309 3088 534 3149 midine
558 3096 934 3169 receperant:
976 3106 1226 3169 spesque
1255 3087 1570 3149 incesserat
1597 3086 1756 3149 finiri
1778 3086 2004 3149 bellum
2028 3108 2219 3169 posse,

307 3188 368 3247 ni
389 3186 695 3247 occasioni
720 3182 1058 3245 defuissent.
1143 3182 1336 3263 Igitur
1361 3183 1548 3245 classe
1572 3186 1817 3248 navium·
1838 3184 2219 3247 ducentarum

307 3292 522 3344 coacta
546 3279 816 3342 eonsules
843 3281 1019 3341 ambo
1047 3300 1184 3341 cum
1209 3280 1544 3359 legionibus
1566 3290 1823 3361 quatuor
1851 3280 2219 3343 Panormum
2242 3288 2543 3341 ommin-

309 3378 702 3461 appulerunt·
771 3378 1158 3457 assumtisque
1195 3376 1436 3457 reliquis
1473 3378 1562 3437 ibi
1601 3378 1790 3459 copiis
1830 3378 2215 3459 navibusque,
2272 3401 2423 3452 Diod
2436 3402 2543 3455 Eel.

305 3486 520 3557 prater
546 3494 650 3535 eas
676 3494 814 3555 quae
830 3472 1116 3536 custodiae
1155 3472 1418 3535 locorum
1462 3475 1805 3535 neeessariae
1840 3474 2214 3549 videbantur,
2235 3468 2329 3517 ¹·¹
2297 3484 2451 3518 xxxv.

305 3592 442 3635 cum
471 3572 736 3632 rostratis
755 3570 1026 3632 ducentis
1050 3570 1466 3651 quadraginta,
1494 3571 1747 3633 eereuris
1784 3590 1926 3631 vero
1972 3571 2085 3648 (sie
2110 3590 2213 3633 vo-
2238 3580 2437 3657 Erymo
2436 3582 2483 3631 1ο
2452 3598 2533 3645 og.

303 3680 448 3729 eant
495 3668 740 3729 navium
779 3665 1080 3747 quoddam
1129 3667 1462 3728 breviorum
1509 3671 1723 3747 genus)
1778 3666 2107 3746 sexaginta,
2153 3678 2287 3775 etpo
2235 3646 2287 3695 Ψ
2318 3652 2387 3697 '³‘
2363 3664 2469 3711 ‘⁰⁹‘
2470 3648 2519 3696 ὓ·

305 3766 438 3826 aliis
461 3767 753 3845 cujusque
783 3762 944 3825 modi
973 3762 1224 3842 navigiis
1259 3762 1546 3844 plurimis,
1579 3762 1911 3845 Lilyboeum
1934 3764 2211 3825 veniunt:
2230 3728 2385 3827 Diod.

303 3862 507 3943 ibique
533 3859 784 3922 consilio
823 3861 1030 3921 habito
1073 3858 1312 3938 aggredi
1341 3860 1546 3919 urbem
1585 3861 1967 3921 constituunt.
2050 3860 2214 3923 Haee
2235 3840 2307 3891 ΡΟ
2276 3842 2407 3907 ‘'¹5¹''

301 3968 394 4019 αἱ
409 3958 524 4019 illa
548 3956 914 4037 Lilybaemni
935 3955 1142 4037 oppidi
1169 3954 1382 4015 nobilis
1394 3955 1648 4028 obsidio,
1674 3975 1809 4037 quae
1832 3976 1937 4037 per
1960 3955 2213 4019 solidum

299 4057 660 4118 decennium
687 4054 772 4116 ab
805 4057 938 4135 ejus
965 4053 1110 4115 belli
1136 4074 1292 4115 anno
1324 4062 1535 4134 quarto
1574 4054 1808 4117 decimo
1834 4062 2047 4128 nacta,
2094 4076 2209 4116 non

299 4152 746 4236 expugnatione
773 4152 957 4223 urbis,
1000 4160 1106 4215 nut
1151 4150 1448 4211 deditione
1483 4152 1562 4211 ab
1600 4152 1853 4212 obsessis
1894 4150 2080 4223 faeta,
2106 4152 2211 4213 sed

299 4250 559 4311 universi
585 4249 736 4310 belli
759 4257 973 4311 eventu
995 4242 1170 4309 finem
1191 4248 1442 4328 aceepit.
1526 4246 1685 4308 Cum
1708 4247 1864 4307 enim
1883 4246 2059 4307 Poeni
2075 4246 2209 4309 Ro-

297 4348 579 4428 manique
605 4345 1001 4425 intelligerent
1026 4354 1310 4424 quantum
1337 4344 1397 4405 in
1413 4362 1487 4405 ea
1502 4344 1644 4406 urbe
1661 4352 2017 4405 momentum
2035 4345 2205 4406 utris-
